2850 4860
550 355 755 407 APPENDICES
1151 347 1209 409 4l5

99 481 316 543 commissions
339 478 488 558 speciales
507 477 584 538 dont
601 474 758 536 Dorothee
775 495 793 535 a
812 476 868 536 fait
888 478 998 555 partie,
1017 485 1048 539 et
1067 480 1088 539 il
1109 483 1213 544 oublie

97 572 135 631 de
157 569 301 648 rappeler
321 586 380 648 que
402 566 566 628 Bessarion
591 583 610 624 a
632 564 688 623 fait
709 564 807 642 partie
833 565 870 625 de
895 573 997 627 toules
1020 568 1165 640 cellesla,
1183 576 1213 632 et

97 659 233 719 d’autres
248 676 371 718 encore.
387 657 413 716 ll
428 656 487 716 cite
505 655 532 715 le
547 654 610 714 zele
628 653 666 713 de
688 652 855 727 Dorothee,
877 673 925 715 ses
938 656 1050 716 formes
1071 657 1211 720 declara-

97 748 177 808 tions
201 766 239 807 en
264 748 373 806 favour
396 746 434 805 dc
457 744 593 805 l’Union.
618 742 719 801 Est-ce
743 761 803 821 que
827 743 990 804 Bessarion
1020 745 1128 806 n'e'tait
1156 766 1212 825 pas

95 853 208 896 encore
224 834 293 913 plus
308 834 552 912 eompletement
566 831 696 891 decidet
713 835 744 890 et
761 830 882 890 n‘a-t-il
903 851 958 910 pas
973 833 1049 912 joae
1069 834 1147 894 dans
1168 836 1212 896 les

97 923 311 1003 negociations
333 942 376 983 un
400 922 465 982 role
487 922 651 995 beaucoup
673 919 744 997 plus
764 925 875 980 accuse
898 927 930 981 et
954 922 1117 1002 beaucoup
1142 925 1213 1002 plus

97 1011 312 1073 considerable
328 1030 388 1091 que
405 1008 583 1071 Dorotheei
598 1007 623 1067 ll
637 1008 696 1067 cite
709 1007 737 1067 le
752 1014 835 1068 toste
849 1009 973 1070 suivant
989 1029 996 1070 :
1015 1037 1030 1067 n
1046 1012 1214 1092 ἐκλεξάμενοι

96 1093 138 1161 oliv
151 1101 195 1160 τόν
208 1124 237 1160 τε
254 1098 382 1174 Ῥωσίας,
392 1099 437 1159 ain
451 1098 495 1159 τὸν
510 1097 622 1163 Nescisse
634 1095 679 1156 xiii
694 1096 738 1155 δυὸ
752 1097 941 1179 σταυροφόρους
946 1144 1006 1172 .....
1021 1101 1213 1180 ἀπεστείλαμεν

95 1187 199 1262 αὐτοὺς,
215 1187 370 1255 απελθόντες
389 1187 473 1248 τόινυν
496 1186 542 1246 xla
564 1184 596 1244 τὰ
616 1187 668 1265 παῤ
687 1189 764 1263 ἡμῶν
782 1186 926 1258 λαληθέντει
946 1192 984 1268 τῷ
1005 1189 1081 1272 νάπᾳ
1097 1194 1211 1258 εἷποντες

94 1270 171 1351 ἦλθον
185 1278 208 1338 ¹.
226 1301 241 1332 n
261 1277 286 1336 ll
299 1277 453 1338 demanda
477 1280 635 1335 comment
655 1273 818 1333 Bessarion
835 1276 936 1335 aurait
952 1297 994 1355 pu
1010 1278 1089 1337 ainsi
1105 1279 1209 1357 parler

95 1366 133 1426 de
148 1366 317 1426 lui-meme.
332 1365 367 1426 Jc
382 1363 518 1444 reponds
534 1381 594 1442 que
614 1361 642 1420 lc
661 1380 733 1420 noas
753 1362 926 1441 s’applique
945 1365 986 1424 ici
1004 1384 1066 1424 aux
1086 1367 1208 1445 paroles

95 1455 148 1515 des
160 1456 261 1515 Grecs.
280 1454 367 1515 Voici
382 1452 538 1514 d'aillcars
555 1471 596 1511 un
617 1457 700 1511 texte
716 1451 914 1512 absolument
929 1452 969 1512 du
984 1456 1085 1514 meme
1100 1473 1206 1532 genre,

95 1548 135 1603 oir
150 1543 181 1603 la
195 1546 296 1603 meme
312 1542 590 1602 invraisemblsnce
606 1538 726 1599 devrait
739 1542 803 1598 etre
818 1539 971 1619 invoquee
987 1551 1093 1603 contre
1108 1544 1208 1604 Doro·

96 1631 166 1692 thee
185 1649 192 1691 :
209 1631 387 1701 «ἐξελέξαντο
401 1630 428 1691 δὲ
442 1631 488 1690 ala
502 1633 526 1688 oi
540 1627 661 1710 ἡμέτεροι
676 1627 729 1686 ἀπὸ
739 1634 786 1687 τοῦ
795 1626 889 1708 μέρους
903 1632 989 1688 αὐτῶν
1003 1631 1048 1689 τὸν
1061 1631 1210 1704 Μιτυλήνης

95 1719 226 1801 Δωρόθεον
241 1720 264 1778 ².
282 1743 297 1775 ν
313 1719 403 1779 Enim
417 1719 438 1778 il
454 1718 511 1778 fait
530 1715 701 1777 intervenir
719 1715 798 1774 dans
821 1717 848 1775 le
863 1716 958 1777 debat
983 1737 1023 1777 un
1045 1727 1210 1798 argument

95 1827 238 1869 nouveau
255 1827 262 1869 :
278 1807 352 1868 c'esi
367 1828 408 1867 un
422 1807 494 1867 bref
510 1807 552 1866 du
574 1824 655 1884 pape
674 1804 800 1881 Eugene
824 1806 874 1876 lV,
892 1806 934 1865 du
959 1807 992 1866 Η
1019 1812 1094 1868 aaut
1120 1809 1208 1880 llas,

95 1898 288 1975 assignantis
309 1895 465 1956 Dorothee
487 1895 525 1955 de
547 1893 695 1970 Mitylene
716 1893 775 1950 300
798 1893 904 1952 llorins
929 1893 967 1953 de
988 1896 1208 1972 gratification,

95 2005 175 2065 pour
189 2004 244 2045 son
264 1984 328 2044 zela
347 2002 386 2042 en
403 1985 512 2043 favour
527 1982 565 2041 de
584 1980 720 2051 l'Union,
740 1998 787 2039 ses
804 1982 937 2041 services
956 1983 1028 2061 dejci
1048 1986 1160 2044 rcndus
1180 1992 1209 2045 et

94 2092 172 2133 ceux
187 2072 262 2152 qu'il
274 2091 306 2132 se
321 2071 480 2150 preparait
500 2088 612 2129 encore
632 2071 651 2127 b
671 2067 795 2127 rendre,
811 2069 979 2128 Fromman
997 2071 1128 2149 pretend
1150 2091 1209 2151 que

94 2180 143 2222 ces
158 2163 217 2221 300
232 2160 350 2234 fierine,
368 2177 428 2218 une
444 2157 502 2217 fois
517 2156 647 2228 donnes,
665 2155 781 2215 e'taient
795 2156 840 2215 les
856 2157 1038 2217 honoraires
1054 2158 1091 2217 de
1111 2159 1209 2218 Doro-

94 2251 165 2309 thee
180 2268 259 2328 pour
273 2249 303 2308 la
319 2246 479 2307 redaction
497 2246 551 2305 des
563 2246 652 2305 Acta.
669 2245 710 2303 Le
725 2243 879 2318 malheur,
896 2244 970 2306 c'est
983 2265 1054 2324 que,
1067 2246 1094 2306 le
1107 2249 1208 2306 meme

90 2337 174 2416 jour,
188 2357 227 2397 un
245 2337 316 2396 bref
324 2334 484 2415 pontifical
499 2333 690 2409 concedens
705 2333 758 2393 des
775 2339 888 2393 termes
899 2334 1073 2413 identiques
1087 2334 1209 2412 assigne

93 2426 286 2486 chssarion
305 2421 364 2484 une
379 2423 510 2502 pension
532 2422 571 2482 do
587 2423 647 2482 300
666 2423 773 2483 llorins
790 2422 838 2482 s'il
856 2430 1002 2484 retourne
1021 2424 1208 2483 assonsian—

94 2514 223 2593 tinople,
240 2522 271 2574 et
290 2513 327 2573 de
345 2514 404 2572 000
420 2512 527 2571 llorins
547 2509 594 2570 s'il
611 2509 695 2570 vient
714 2529 745 2570 se
766 2510 845 2570 lixcr
867 2514 886 2571 a
906 2513 1014 2585 Home,
1028 2530 1066 2572 en
1092 2516 1208 2571 recom-

94 2623 189 2684 pense
202 2604 255 2663 des
271 2607 388 2663 memes
403 2601 535 2661 services
551 2606 581 2659 et
595 2600 633 2659 de
646 2599 716 2678 plus
731 2600 846 2678 grands
860 2619 971 2661 encore
984 2600 1007 2660 ³.

125 2803 149 2848 l.
166 2799 242 2858 Actu,
256 2797 305 2846 eol.
323 2798 377 2844 508.
398 2822 428 2831 -
444 2798 467 2843 2.
484 2794 534 2850 ld..
550 2794 600 2844 col.
616 2797 654 2844 17.

124 2871 146 2917 3.
162 2868 234 2917 Volci
252 2867 352 2916 lebret
369 2866 404 2915 du
425 2879 493 2930 pape
512 2866 620 2928 Eugene
636 2866 679 2925 IV,
695 2864 730 2914 tel
750 2879 802 2928 qne
823 2866 964 2917 Frommau
984 2867 1088 2917 l'insere
1104 2870 1140 2931 (p.
1157 2867 1207 2929 80),

93 2940 197 3003 d'apres
222 2954 258 2987 un
280 2937 426 2987 manuscrit
452 2937 484 2986 de
504 2936 530 2985 la
552 2936 735 2999 bibliotheque
760 2937 894 2986 Barberiui
918 2939 992 2999 (xvi,
1015 2941 1054 2998 85,
1075 2952 1104 3001 p.
1130 2938 1207 2995 ism:

94 3028 106 3052 «
130 3007 278 3072 Eugeuius,
305 3010 355 3056 ete.
383 3005 532 3056 Venerabili
559 3005 631 3054 fratri
656 3006 790 3055 Dorotheo
812 3007 1017 3071 Arcbiepiscopo
1038 3006 1208 3072 Mityleneasi

93 3080 211 3130 Salutem
228 3083 254 3127 et
270 3078 448 3142 Apostolieam
457 3076 684 3126 benedictionem.
697 3077 762 3126 Cum
778 3090 827 3124 nos
845 3077 877 3125 de
892 3080 944 3127 tuce
960 3077 1208 3142 circumspectionis

94 3151 224 3200 industrii
242 3150 450 3214 prudentiaque,
464 3149 490 3197 in
503 3147 592 3206 rebus,
609 3151 728 3196 sanctam
745 3148 886 3197 Orientalis
897 3153 923 3198 et
933 3150 1109 3200 Occidentalis
1120 3149 1208 3199 Eccle-

94 3223 190 3271 siarum
212 3223 339 3271 unionem
360 3219 591 3277 concernentibus,
613 3220 800 3282 comprobati,
824 3234 899 3282 spem
918 3223 1120 3286 conceperimus
1141 3220 1209 3270 fidu·

93 3294 214 3355 clamque
230 3292 387 3355 singulares,
399 3291 471 3355 quod
482 3305 522 3348 iia,
538 3303 597 3352 qum
612 3289 659 3337 tibi
675 3290 743 3338 circu
761 3290 818 3338 lroec
833 3293 1025 3342 committenda
1041 3293 1207 3359 duxerimus,

94 3364 205 3413 feliciter
220 3364 399 3427 prosequeris,
416 3367 495 3424 teque
511 3360 545 3410 ob
572 3360 622 3408 hoe
644 3361 678 3409 ad
702 3360 856 3424 hujusmodi
872 3364 971 3427 negotii
992 3368 1206 3428 prosecutionem

93 3436 204 3485 feliciter
223 3435 372 3483 faciendam
398 3434 575 3497 elegerimus;
600 3446 649 3481 nos
677 3433 855 3493 attendentes,
875 3448 905 3482 ac
926 3435 1037 3500 (lignum
1057 3444 1206 3500 censentes,

93 3506 166 3569 quod
181 3506 208 3554 ia
219 3505 297 3554 vinei
313 3505 419 3554 Domini
436 3505 597 3563 laborantes,
609 3504 742 3567 condigni
758 3504 857 3554 debent
872 3520 930 3555 esse
946 3509 1096 3572 provisione
1113 3509 1205 3569 fulciti,

95 3576 151 3636 tibi,
170 3580 200 3625 ut
215 3590 393 3640 expensarum
413 3590 503 3635 onera,
523 3590 582 3639 quas
597 3577 736 3638 praemissit
755 3577 895 3626 occasione
918 3579 1007 3627 subire
1024 3578 1116 3639 habes,
1134 3594 1206 3630 com-

92 3648 199 3699 modius
213 3650 380 3711 supportaro,
396 3647 565 3710 quietiusque
582 3659 613 3694 ac
627 3646 771 3696 ferventius
785 3648 813 3696 in
828 3662 856 3696 rc
870 3653 925 3698 tarn
941 3648 1049 3697 salutari
1071 3654 1098 3701 et
1115 3651 1205 3702 aribo·

93 3720 169 3769 doxis
186 3717 249 3767 fidei
268 3717 379 3780 gloriam
402 3718 583 3776 eoncemeuti‚
600 3717 782 3766 commissioni
802 3719 850 3767 tibi
864 3720 940 3769 facta
954 3719 1092 3769 intendere
1106 3721 1204 3784 valeas,

93 3803 227 3839 strrnmam
243 3789 404 3837 florenorum
420 3789 476 3836 auri
494 3787 526 3836 de
544 3787 649 3837 camerti
667 3791 846 3837 trecentorum
857 3803 905 3853 pro
915 3791 1050 3852 annolsic)
1061 3792 1205 3856 stipendio,

93 3875 174 3924 super
190 3860 330 3917 fructibus,
347 3858 496 3907 redditibus
511 3862 538 3908 et
552 3858 726 3923 proventibus
742 3859 858 3909 Cameris
872 3860 1031 3924 Apostolicae
1045 3862 1093 3913 tibi
1107 3865 1206 3928 persol·

93 3933 208 3982 rendam
235 3932 392 3982 auctoritate
414 3931 574 3994 apostolici,
591 3935 683 3980 tenore
711 3932 892 3994 praesentium,
915 3947 1091 3996 reservamus,
1110 3939 1207 3988 consti-

93 4005 194 4053 tuimus
217 4007 245 4052 et
266 4003 450 4065 assignamus,
475 4002 523 4051 tibi
544 4016 591 4065 per
617 4005 652 4061 te,
672 4000 714 4049 vel
737 4007 935 4065 procuratorem
953 4007 1039 4063 tuum,
1053 4006 1208 4071 hujusmodi

93 4087 227 4123 summam
251 4072 406 4136 predictam
430 4072 464 4119 ab
487 4071 646 4121 officialibus
670 4076 697 4121 et
719 4072 843 4135 gentihus
861 4073 937 4123 dictas
957 4088 1068 4125 camerae
1088 4078 1208 4142 petendi,

93 4144 228 4208 exigendi,
245 4143 365 4203 levandi,
377 4141 524 4205 recipiendi
543 4146 569 4192 et
585 4143 757 4202 extrahendi3
773 4142 806 4192 de
822 4145 936 4208 receptis
951 4160 1057 4209 quoque
1075 4149 1206 4211 quitandi.

93 4215 235 4272 liberandi,
250 4218 277 4264 et
290 4213 448 4263 absolvendi
461 4213 530 4262 hanc
547 4215 588 4276 (ζ’),
605 4215 673 4263 serie
683 4214 837 4264 facultatem
850 4216 1035 4276 concedentes,
1047 4219 1206 4271 mandantes

93 4285 253 4336 officialibus
267 4289 294 4335 et
310 4285 434 4349 gentibus
451 4284 597 4348 praedictis,
613 4289 747 4350 quatenus
760 4286 860 4349 absque
877 4286 929 4337 alio
942 4288 1070 4340 mandato
1085 4293 1206 4356 requisiti
