2850 4860
148 335 209 396 458
610 338 816 392 lrusuulcsss

150 467 257 528 sitates
277 470 308 524 et
328 461 489 533 officiales,
511 460 610 520 dictas
633 458 857 520 conventiones
876 461 971 536 pacta
988 461 1021 517 et
1039 458 1188 537 capitula
1203 462 1271 523 inire

151 554 337 636 potuissent,
358 569 396 611 ea
415 550 505 611 dictis
523 548 637 610 ludaeis
657 567 720 608 non
739 547 918 620 observare,
934 545 989 606 scd
1009 552 1129 609 contra
1143 552 1275 629 capitula

151 642 315 723 privilegia
326 645 357 700 et
366 638 600 709 conventiones,
611 656 681 718 quae
691 637 730 696 de
741 637 942 696 concessione
955 641 1018 695 tuae
1029 636 1274 716 Dominationis,

151 739 449 807 antecessorumque
468 732 595 787 tuorum
616 745 687 786 eum
707 724 997 797 communitatibus,
1012 724 1153 801 civibuS,
1171 735 1202 788 et
1217 730 1275 789 uni-

150 817 352 882 versitatibus
371 816 533 876 civitatum
549 822 716 892 terrarum,
733 819 765 873 ct
776 813 918 873 locorum
933 813 1100 892 inquibus
1120 815 1272 885 habitant,

153 905 368 984 multipliciter
378 923 502 978 vexare,
512 904 736 985 perturbarcet
747 921 878 981 gravare
887 905 1272 981 ceperunt-Quocirca.

151 994 331 1055 Dominatio
350 998 382 1054 ct
399 993 582 1054 Sublimitas
604 999 658 1053 tua
679 991 835 1068 frequenti
855 990 1011 1050 dictarum
1032 992 1273 1054 universitatum

153 1084 268 1145 civium
295 1088 327 1143 et
347 1082 508 1142 civitatum
532 1081 757 1160 conquestione
778 1084 937 1158 permota,
959 1078 1052 1139 nobis
1074 1082 1272 1160 supplicavit,

154 1177 188 1231 ut
203 1188 296 1249 super
310 1169 359 1229 his
373 1170 591 1230 commoditati
603 1170 795 1249 populorum
810 1175 935 1229 tuorum
952 1170 1124 1247 providere
1140 1170 1181 1231 de
1197 1172 1274 1231 beni·

153 1258 273 1338 gnitate
298 1258 473 1337 apostolict
497 1258 710 1336 dignaremur,
732 1277 789 1318 nos
812 1257 908 1335 igitur
930 1257 1106 1335 cupientes
1122 1266 1272 1339 quantum

153 1366 224 1408 cum
236 1348 299 1406 Deo
315 1365 491 1425 possumus,
504 1347 683 1420 commode,
696 1345 917 1425 tranquillitati
932 1352 962 1406 et
977 1345 1097 1406 minori
1112 1347 1272 1427 dispendio

153 1435 343 1514 populorum
362 1436 566 1514 praefatorum
581 1436 757 1514 providere,
772 1433 1001 1496 Dominationis
1016 1452 1054 1494 ac
1077 1436 1272 1498 celsitudinis

61 1535 67 1546 ·
153 1531 215 1584 tuce
243 1524 273 1582 in
297 1523 358 1583 hac
384 1529 472 1602 parte
499 1525 780 1604 supplicationibus
808 1522 960 1596 inclinati,
984 1525 1192 1599 auctoritate,
1216 1529 1271 1607 qut

153 1611 315 1691 fungimur
345 1611 518 1690 apostolica
543 1619 574 1674 et
601 1613 743 1692 plenaria
764 1630 858 1690 super
884 1611 944 1672 hoc
967 1612 1122 1674 facultate
1146 1614 1269 1687 suffulti,

152 1698 315 1772 volumus,
341 1700 526 1775 statuimus,
556 1707 650 1782 atque
678 1701 893 1777 decernimus,
919 1706 1027 1760 tenore
1056 1704 1267 1779 praesentium,

152 1787 237 1865 quod
256 1805 365 1847 omnes
384 1790 618 1864 conventiones,
640 1790 865 1861 concessiones,
887 1789 1037 1868 capitula,
1059 1791 1224 1871 privilegia
1240 1798 1266 1850 et

152 1882 257 1954 pacta,
277 1876 394 1936 eisdem
413 1877 527 1938 ludaeis
547 1898 705 1953 concessa,
726 1897 797 1958 quae
821 1883 852 1938 et
875 1895 953 1957 quas
972 1876 1011 1937 de
1032 1879 1265 1940 confirmatione

153 1982 208 2023 seu
223 1967 614 2029 cousensuDominationis
628 1973 689 2028 tuae
702 1987 739 2028 ae
754 1973 986 2028 antecessorum
1007 1971 1039 2026 et
1056 1985 1265 2029 successomm

153 2058 278 2114 tuorum
295 2074 365 2114 eum
382 2056 571 2130 civitatibus,
588 2057 708 2117 civibus
722 2062 753 2117 et
768 2053 1022 2116 universitatibus
1037 2056 1266 2131 provinciamm

153 2148 303 2218 tuarum,
335 2151 509 2205 castrorum
544 2150 575 2206 et
603 2145 744 2206 locorum
773 2143 996 2224 predictorum
1033 2144 1267 2222 quomodolibet

152 2231 304 2293 hactenus
322 2233 458 2293 inierunt
473 2239 503 2293 et
516 2235 667 2306 fecerunt,
682 2233 730 2293 vel
746 2233 777 2292 in
793 2239 953 2311 posterum
968 2231 1096 2292 inibunt
1112 2240 1144 2293 et
1159 2234 1267 2294 facient

153 2319 358 2382 observentur
373 2329 403 2381 et
421 2321 482 2381 illis
498 2321 594 2382 libere
611 2323 786 2400 potiantur;
813 2321 960 2400 quodque
975 2320 1109 2399 pacifice
1124 2328 1156 2383 et
1171 2323 1266 2400 quiete

154 2427 225 2469 eum
246 2409 306 2471 illis
326 2414 420 2482 stare,
437 2410 551 2484 vivere,
573 2411 752 2472 conversari
771 2416 802 2472 et
821 2408 959 2471 traficari
977 2408 1074 2470 libere
1095 2411 1195 2471 ludaei
1213 2408 1266 2490 ipsi

152 2499 385 2575 permittantur.
402 2499 616 2573 absolventes,
629 2497 741 2561 harum
758 2505 877 2572 tenore,
891 2498 1150 2560 Dominationem
1164 2506 1195 2560 et
1208 2500 1267 2560 Cel·

152 2586 318 2646 situdinem
340 2594 428 2647 tuam
449 2606 485 2648 ac
504 2607 613 2649 omncs
632 2595 662 2649 et
680 2588 820 2667 singulos
839 2594 987 2660 rectores,
1005 2588 1101 2662 cives,
1119 2588 1264 2649 universi-

146 2680 227 2735 tates
243 2683 273 2736 ct
288 2677 438 2737 officiales
452 2677 697 2755 provinciarum,
712 2685 877 2749 terrarum,
890 2683 1067 2737 castrorum
1082 2683 1116 2737 et
1131 2677 1263 2738 locorum

146 2765 380 2843 praedictorum,
398 2766 452 2845 qui
471 2774 501 2827 et
522 2786 592 2846 quae
609 2772 738 2846 propter
754 2767 988 2839 conventiones,
1007 2767 1223 2827 concessiones
1238 2771 1263 2824 et

145 2859 248 2932 pacta,
266 2855 427 2933 praedicta,
444 2855 681 2935 quomodolibet
696 2853 1031 2915 excommunicationis
1052 2854 1160 2916 vinclo
1176 2857 1259 2915 inuo-

145 2941 226 3002 datae
243 2949 359 3016 essent;
377 2950 408 3004 et
427 2949 462 3002 ut
477 2945 507 3003 in
525 2950 684 3022 posterum
705 2944 822 3004 similes
839 2942 1057 3004 concessiones
1077 2951 1110 3003 et
1132 2940 1259 3021 capitula

145 3029 223 3090 inire
237 3034 357 3109 possint
372 3040 402 3093 et
416 3052 482 3105 sua,
496 3034 557 3093 tuis
572 3034 681 3093 eadem
698 3034 886 3094 auctoritate
903 3031 1122 3106 concedentes,
1135 3047 1258 3093 conven-

146 3117 307 3197 tionesque
330 3129 360 3182 ct
378 3122 515 3200 capitula
530 3121 711 3201 hujusmodi
726 3122 869 3182 similiter
884 3121 1045 3181 observari
1067 3119 1257 3182 mandantes.

144 3205 346 3284 lnjungcntcs
369 3211 497 3288 insuper
520 3212 678 3283 omnibus,
696 3218 759 3270 tam
786 3211 905 3271 clericis
925 3228 1021 3288 quam
1043 3210 1145 3281 laicis,
1162 3208 1260 3287 cujus·

145 3311 279 3373 cumque
290 3296 418 3368 ordinis,
431 3303 543 3372 status,
553 3300 680 3377 gradus,
692 3300 880 3359 conditionis
894 3299 1042 3371 existant,
1057 3305 1123 3359 tam
1136 3315 1261 3377 prasen-

145 3383 228 3444 tibus
252 3403 347 3464 quam
371 3386 495 3457 futuriS,
521 3389 552 3446 in
576 3389 692 3448 virtute
715 3394 830 3448 sanctie
853 3387 1053 3459 obedientie,
1076 3385 1260 3467 quarumiu

146 3474 326 3551 preemissiS,
343 3493 398 3534 seu
418 3481 528 3535 contra
543 3475 625 3536 hanc
641 3484 780 3537 nostram
801 3477 1034 3538 concessionem
1052 3476 1175 3536 nullam
1191 3493 1258 3535 con·

144 3563 238 3622 trarie
255 3570 457 3642 presumant,
471 3566 743 3625 nonobstantibus
758 3566 1008 3646 quibuscumque
1023 3565 1056 3624 in
1071 3564 1259 3626 contrarium

145 3651 344 3712 facientibus.

185 3740 219 3799 ln
235 3761 369 3821 quorum
385 3742 480 3802 fidem
497 3742 594 3803 robur
608 3749 639 3803 et
652 3743 866 3804 testimouium
884 3748 1052 3822 presentes
1072 3750 1197 3803 nostras
1213 3740 1258 3799 lit·

145 3832 227 3888 teras
251 3832 329 3905 lieri,
352 3850 389 3892 ae
414 3833 513 3892 nostri
535 3833 676 3894 consueti
696 3832 788 3911 sigilli
809 3832 961 3910 jussimus
985 3832 1176 3911 apperiscite
1200 3828 1257 3908 (sic)

145 3933 270 3977 muniri.

182 4008 252 4068 Dat.
278 4010 414 4070 Venetiis
438 4012 468 4071 in
493 4011 684 4072 monasterio
707 4011 745 4072 8²¹
769 4011 892 4090 Georgii
917 4009 1046 4089 majoris
1068 4011 1108 4070 A⁰
1126 4012 1164 4071 D.
1187 4009 1257 4070 liat

143 4092 194 4154 XV
210 4096 272 4156 kal.
289 4098 420 4159 Jauuar.
441 4101 461 4159 ¹.

174 4261 197 4307 l.
212 4261 250 4310 En
265 4276 355 4326 marqe
373 4280 378 4312 :
397 4285 408 4307 «
425 4265 527 4314 Bullam
548 4266 729 4317 authenticam
749 4265 953 4331 repperiverunt
974 4264 1001 4312 iu
1022 4263 1140 4328 quddam
1164 4264 1260 4315 scatult

143 4334 203 4395 post
214 4331 326 4394 januam
341 4334 494 4386 inferiorem
510 4338 626 4390 consilii.
645 4357 657 4381 n
