2850 4860
556 373 761 426 nrrsnolcss
883 390 887 398 ·
1150 365 1207 425 453

89 498 161 558 dere
184 495 364 558 omniasua
384 502 545 574 operator
570 496 622 556 ille
644 503 818 576 quaterque
842 495 952 556 beatus
976 495 1006 555 in
1031 498 1088 557 sud
1112 498 1210 558 edidit

88 587 212 666 lingum
228 591 263 645 ut
275 584 333 645 tibi
353 591 459 645 tamen
478 603 618 664 gererem
640 603 761 645 morem
781 584 849 645 viro
866 589 933 644 tum
954 584 1096 645 doctrina
1116 591 1210 666 atque

90 675 231 748 seientia,
244 681 311 735 tum
321 673 417 734 etiam
427 674 567 735 moribus
583 674 756 735 cultissimo
772 680 865 752 atque
876 674 1075 735 ornatissimo
1088 675 1210 737 mittere

91 763 150 825 tihi
168 781 240 824 eum
259 762 393 835 decrevi,
417 781 488 822 cum
510 781 572 823 non
591 764 708 841 possim
726 769 788 822 tuoe.
808 763 940 822 ferventi
954 768 1049 842 atque
1065 764 1211 842 flagranti

91 851 236 932 petitioni
251 868 365 929 negare
382 867 389 910 :
405 855 439 910 ut
456 849 562 929 aliqua
578 869 616 911 ex
633 858 723 929 parte
745 850 836 911 laude
853 850 982 930 dignam
1002 857 1088 912 tuam
1109 852 1211 912 extin-

92 959 187 1021 guam
216 938 315 1012 sitim3
341 956 377 998 ae
401 938 528 999 insitam
557 939 612 998 tibi
637 939 856 999 inexhaustam
883 940 1064 1000 aviditatem
1091 940 1213 1017 legendi

90 1028 299 1108 volvendique
318 1027 415 1088 libros
436 1027 531 1105 hujus
551 1028 724 1087 beatissimi
744 1027 842 1106 patris
862 1029 978 1107 possim
999 1029 1144 1109 implere;
1160 1030 1215 1109 qui

92 1123 156 1178 tam
178 1116 321 1196 cupidus
337 1123 464 1196 tamque
489 1117 621 1176 ass'eetus
650 1116 732 1176 illins
758 1116 873 1177 existas
901 1118 1059 1196 operibus
1076 1125 1111 1178 ut
1136 1118 1214 1178 nihil

92 1224 202 1285 supra;
219 1224 289 1285 quoe
306 1223 375 1265 cum
392 1210 425 1264 ut
441 1205 522 1265 soles
538 1211 657 1266 attente
674 1223 710 1264 ae
726 1211 871 1265 accurate
887 1209 1010 1279 summa
1025 1225 1095 1267 cum
1112 1207 1213 1267 admi-

93 1295 216 1355 ratione
234 1293 413 1373 perlegeris,
436 1294 527 1354 velim
549 1293 694 1372 ignoscas
719 1293 892 1372 interpreti,
919 1294 1028 1354 sitam
1049 1303 1158 1355 ornate
1183 1296 1213 1354 in

93 1385 200 1444 Graeco
224 1382 445 1460 compositum,
467 1388 530 1441 tam
557 1381 706 1442 indiserte
731 1381 892 1441 transtulit
914 1381 947 1441 in
971 1382 1119 1458 latinum3
1142 1402 1213 1443 eum

94 1478 179 1532 eerto
205 1490 254 1530 me
275 1471 355 1530 scias
378 1476 445 1531 tum
474 1471 514 1530 ob
540 1471 747 1531 reverentiam
778 1476 872 1548 atque
896 1470 1094 1532 devotionem
1118 1491 1212 1552 quem

93 1578 170 1639 erga
184 1558 271 1618 illum
288 1577 362 1638 gero
378 1558 593 1619 beatissimum
607 1564 730 1637 patrem
746 1557 828 1619 hanc
843 1577 908 1619 rem
924 1577 1105 1637 aggressum
1122 1561 1215 1620 fuisse

94 1648 210 1728 potins,
235 1666 329 1728 quam
355 1648 395 1707 ob
418 1647 583 1707 andaciam
608 1667 644 1708 ae
666 1649 697 1708 in
721 1666 771 1707 me
794 1647 862 1727 ipso
887 1647 1121 1721 confidentiam,
1148 1655 1214 1709 tum

94 1738 189 1798 etiam
215 1757 312 1817 quum
340 1757 402 1798 non
426 1737 593 1797 edidissem
621 1738 651 1798 in
679 1736 852 1816 publicum,
878 1737 936 1797 nisi
959 1743 990 1798 tu
1016 1737 1217 1799 contentione

95 1826 233 1887 maximo
248 1826 399 1906 petiisses.
