2850 4860
653 1321 903 1396 APPENDlCE
930 1322 962 1394 ll

247 1581 399 1642 andraee
431 1596 475 1641 nu
506 1595 550 1639 nn
582 1595 797 1640 rnnnucrrou
831 1596 877 1640 uu
908 1595 1006 1640 ulvius
1039 1596 1084 1640 nn
1117 1597 1224 1644 ssrnr
1263 1597 1370 1644 assus

287 1685 417 1731 causan
439 1684 609 1729 eunomus
630 1684 694 1729 san
715 1684 756 1728 rm
778 1683 876 1730 sams
898 1684 1014 1731 nsrmr
1039 1685 1196 1733 narrare
1218 1687 1269 1734 aa
1287 1687 1370 1734 ams-

287 1774 447 1820 rmunsux
468 1773 611 1819 rosnae
632 1757 767 1819 suosne
788 1774 832 1818 rv.

286 2032 463 2094 Beatissimo
471 2034 562 2112 patri
573 2032 713 2113 Eugenio
731 2032 822 2113 Papa
836 2031 1080 2093 IVsanctr'ssima
1096 2035 1294 2117 inanimaque
1300 2054 1366 2115 pon·

247 2122 332 2204 tifici,
349 2120 504 2182 Bessarion
518 2122 578 2200 (sic)
593 2120 754 2181 cardinalis
771 2121 890 2182 Gnaeus
906 2121 1033 2182 basilica
1047 2120 1205 2185 duodecim
1221 2125 1363 2207 apostala-

246 2232 312 2272 ram
327 2210 470 2292 almaque
484 2212 644 2272 sanctitati
653 2230 713 2271 saa
727 2210 935 2272 dicatissimus.

287 2399 364 2460 [lum
390 2396 573 2476 cogitarem,
589 2396 682 2455 Pater
706 2395 918 2469 Sanctissime,
935 2396 1096 2475 quodnam
1118 2398 1178 2460 tibi
1197 2417 1360 2480 congruum

247 2490 377 2551 offeram
398 2504 522 2557 munus,
539 2490 605 2542 tum
629 2501 687 2562 pro
713 2481 774 2542 ista
797 2484 1039 2561 praeclarissima
1062 2487 1250 2548 Latinorum
1277 2494 1361 2566 atque

246 2581 437 2648 Graecorum,
457 2573 536 2632 adeo
558 2590 614 2651 per
635 2578 676 2645 te,
694 2579 826 2651 tuosque
849 2573 984 2646 labores,
1001 2592 1104 2647 curaS,
1121 2594 1230 2654 opem,
1246 2578 1360 2655 impen-

246 2683 376 2747 samque
400 2664 570 2741 ingentem,
596 2660 713 2720 unione
737 2661 886 2739 perlecta,
912 2667 978 2721 turn
1004 2681 1061 2740 pro
1083 2663 1255 2726 clementia
1275 2671 1359 2742 atque

247 2753 449 2817 inenarrabili
471 2749 691 2810 benevolentia
706 2768 781 2827 erga
802 2769 851 2810 me
875 2753 939 2824 tua,
957 2750 1034 2810 nihil
1060 2750 1359 2831 praestantissumi

246 2846 361 2925 aptius,
380 2841 456 2901 nihil
471 2841 611 2918 prolecto
633 2838 752 2917 gratius
771 2838 827 2896 libi
850 2840 938 2916 potui
962 2841 1113 2914 invenire,
1131 2861 1227 2921 quarn
1250 2837 1357 2919 aliquid

246 2934 330 3013 quod
346 2932 386 2992 ad
402 2935 541 2991 nostram
558 2928 712 3006 pertineat
725 2933 866 2988 sanctam
883 2928 1065 3007 religionem
1082 2929 1140 2988 tibi
1154 2931 1274 3001 offerre,
1290 2945 1357 2986 cum

246 3021 305 3081 ista
321 3020 427 3081 omnia
442 3018 572 3097 hujusce
586 3017 691 3077 saeculi
707 3024 736 3077 te
753 3017 925 3095 neglexisse
941 3018 1150 3096 percepimus
1168 3038 1204 3079 ac
1219 3018 1268 3078 illa
1290 3033 1356 3094 qua

247 3108 313 3168 sola
341 3113 526 3186 permanent
555 3106 758 3166 desiderasse.
783 3108 860 3165 Nam
891 3113 923 3166 tu
955 3106 1006 3166 ille
1036 3125 1068 3165 es
1096 3108 1152 3186 qui
1171 3105 1356 3168 christianis·

246 3215 332 3256 mum
349 3197 389 3255 ab
405 3197 473 3273 ipsa
488 3201 611 3254 secutus
627 3195 848 3268 adolescentia,
867 3215 898 3255 es
914 3202 947 3255 tu
969 3195 1023 3274 qui
1039 3213 1057 3254 a
1073 3197 1201 3269 teneris,
1219 3202 1252 3256 ut
1267 3196 1355 3262 aiunt,

247 3287 424 3367 unguiculis
439 3287 592 3345 mundum
613 3293 644 3347 et
663 3287 769 3346 omnia
786 3287 909 3364 negllsti
933 3288 995 3366 (sic)
1014 3287 1188 3359 mundana,
1205 3288 1316 3349 idcirco
1332 3291 1358 3345 el

247 3378 359 3439 merito
377 3393 439 3434 non
456 3374 551 3433 modo
567 3374 598 3432 in
614 3374 674 3434 hac
689 3375 804 3435 saeculo
820 3376 1000 3454 centuplum
1022 3375 1079 3435 tibi
1099 3376 1239 3453 praebuit
1261 3375 1357 3437 Domi·

248 3488 316 3543 nus,
328 3483 399 3526 eum
415 3463 555 3524 omnium
571 3469 694 3541 patrem
710 3468 742 3523 et
755 3464 928 3543 prinoipem
945 3464 1153 3538 constituerit,
1168 3466 1225 3526 sed
1242 3472 1319 3527 certe
1332 3469 1357 3522 et

247 3558 279 3618 in
295 3559 435 3616 laturum
452 3557 602 3612 aternam
622 3551 719 3610 vitam
736 3552 894 3630 possidere
916 3552 1076 3625 concedet,
1093 3555 1270 3631 praesertim
1295 3569 1356 3613 eum

246 3646 277 3706 in
308 3645 368 3704 hae
397 3659 522 3722 quoque
551 3639 702 3718 dignitate
734 3647 765 3700 et
798 3641 952 3720 evangelii
984 3641 1219 3720 predicationis
1251 3641 1355 3711 officio,

246 3740 369 3795 tantum
386 3729 556 3811 prolecisti,
574 3735 608 3788 ut
623 3746 686 3788 non
699 3729 856 3789 mediocre
867 3728 1095 3789 incrementum
1107 3737 1137 3790 et
1148 3731 1356 3792 dilatationem

245 3822 362 3884 habeat
382 3819 520 3881 Ecclesia
541 3819 607 3879 Dei.
628 3820 674 3878 Tu
704 3818 787 3879 enim
815 3836 951 3896 graecam
980 3818 1065 3878 illam
1091 3820 1354 3897 praeclarissimam

246 3910 572 3989 sapientissimamque
594 3907 771 3980 nationem,
797 3906 880 3967 unde
901 3906 1003 3967 omnis
1023 3913 1069 3966 est
1093 3913 1182 3968 ortus
1204 3909 1353 3989 sapientia

246 4002 327 4076 fonS,
341 3999 405 4057 una
420 4017 490 4057 eum
507 3996 662 4070 Triballis,
675 3995 798 4075 illyriis,
811 3994 945 4068 FlaehiS,
960 3994 1025 4076 (sic)
1036 3996 1204 4069 ambobus
1215 3996 1354 4059 Sarmatis

246 4087 396 4164 utrisque,
427 4086 566 4159 Albanis,
596 4085 704 4157 Iberis,
728 4083 862 4156 Colchis,
894 4083 1144 4163 Cappadocibus,
1170 4086 1352 4166 Pamphylis,

247 4175 374 4245 Galatis,
392 4191 526 4233 necnon
550 4179 581 4233 et
600 4173 669 4233 aliis
686 4171 926 4252 patriarcalibus
949 4173 1085 4247 sedibus,
1104 4176 1278 4255 multisque
1296 4173 1353 4234 aliis

246 4262 446 4340 amplissimis
461 4260 651 4335 nationibus,
668 4281 738 4341 quse
755 4279 864 4324 omnes
880 4280 1016 4341 graecam
1039 4264 1257 4343 sequebantur
1269 4263 1354 4326 eecle-
