2850 4860
232 359 291 420 452
692 364 898 416 aeeuablcus

233 491 288 573 qui
303 508 360 568 pro
383 486 550 547 clementia
563 485 666 559 solita,
680 485 754 546 laeto
773 484 879 546 animo
899 484 1036 546 filiorum
1053 492 1199 559 tuorum,
1218 493 1255 547 et
1269 488 1296 547 si
1310 487 1362 546 mi·

234 581 320 641 nima
335 585 407 639 sunt
419 575 614 649 munuscula,
627 575 758 652 accipis;
772 580 960 654 tantumque
972 575 1036 656 (sic)
1048 576 1153 655 magis
1169 576 1234 636 tibi
1248 578 1362 657 gratius

234 670 304 739 erit,
317 672 469 746 quantum
483 665 544 725 hoc
559 664 677 724 donum
693 670 724 723 et
737 663 843 724 latinis
855 664 996 742 accipere
1011 671 1043 725 et
1058 663 1139 724 mihi
1153 665 1277 727 offerre
1292 685 1360 726 cou-

233 776 347 836 gruum
363 761 420 816 est.
436 754 513 816 Mihi
527 753 666 833 quidem,
678 753 827 832 quoniam
847 771 996 833 magnam
1011 753 1085 814 hinc
1102 754 1144 814 de
1159 756 1361 834 processione

233 846 361 925 spiritus
384 843 486 904 sancti
511 842 678 903 utilitatem
703 841 745 900 ad
768 842 1044 921 cognoscendam,
1068 845 1360 925 capessendamque

234 935 306 995 fidei
322 933 498 1007 veritatem,
512 938 576 991 tum
593 937 658 991 toto
670 950 783 1009 genere
795 949 866 991 meo
878 933 1064 1011 recepimus,
1076 950 1150 992 cum
1165 933 1208 993 de
1224 935 1288 994 ista
1298 953 1359 994 ma·

235 1023 313 1084 teria
334 1021 451 1082 Latinis
474 1019 760 1092 contendebamus;
784 1019 905 1079 Latinis
928 1038 1018 1092 vero,
1043 1038 1105 1080 non
1131 1021 1259 1096 solum,
1280 1022 1359 1101 quod

234 1113 351 1189 magna
364 1109 509 1170 doctrina
523 1109 672 1168 refertum
688 1115 746 1179 cst,
764 1126 871 1168 verum
889 1108 983 1168 etiam
998 1109 1075 1187 quia
1088 1127 1147 1187 pro
1162 1110 1257 1188 ipsis,
1273 1111 1305 1170 id
1318 1118 1358 1172 est

234 1219 291 1280 pro
310 1199 441 1260 veritate
460 1203 592 1278 pugnat.
610 1199 688 1258 Nam
709 1204 739 1257 ct
760 1198 790 1256 in
812 1198 904 1258 tertio
927 1215 1070 1258 sermone
1089 1198 1198 1277 palam
1224 1219 1265 1260 ex
1287 1200 1357 1261 Filio

234 1289 369 1368 Spiritus
391 1288 508 1348 habere
530 1305 596 1346 esse
621 1286 752 1360 dicitur,
773 1293 804 1346 et
830 1305 849 1346 a
873 1289 969 1346 causa
993 1287 1060 1366 ejus
1083 1286 1285 1366 dependere,
1309 1308 1359 1369 per

235 1383 400 1455 totumque
421 1376 536 1436 librum
560 1375 661 1435 multa
682 1382 713 1435 et
737 1375 822 1435 bona
845 1394 916 1454 quae
935 1375 976 1434 ad
1002 1375 1144 1436 eamdem
1169 1379 1356 1440 sententiam

235 1465 352 1525 ducunt
368 1464 452 1524 dicta
466 1470 549 1523 sunt.
561 1464 706 1543 Accipias
721 1463 827 1539 igitur,
846 1470 879 1523 tu
895 1464 1072 1525 beatissime
1086 1465 1193 1539 Pater,
1212 1468 1270 1545 qui
1284 1466 1358 1526 Lati

235 1572 359 1626 norum,
370 1552 424 1632 qui
432 1554 623 1626 Graecorum,
633 1553 688 1632 qui
698 1552 840 1612 omnium
852 1571 886 1613 es
896 1559 990 1631 caput
1000 1552 1263 1629 christianorum,
1273 1573 1357 1635 pnes

235 1640 445 1700 tentissimum
467 1659 597 1714 munus,
622 1647 748 1719 tuaeque
772 1640 933 1701 sanctitati
956 1639 1164 1715 conveniens,
1187 1643 1357 1704 beatissimi

235 1728 332 1807 patris
351 1728 468 1802 Basilii,
485 1729 627 1789 Caesarine
649 1729 915 1808 Cappadociensis
934 1728 1032 1789 divini
1045 1731 1195 1808 pastoris,
1217 1750 1257 1792 ac
1278 1732 1354 1792 orbis

236 1823 390 1877 terrarum
402 1817 636 1891 illuminatoris
648 1825 743 1897 atque
759 1818 908 1890 doctoris,
923 1818 1165 1896 praeclarissima
1181 1839 1279 1900 opera
1292 1820 1354 1880 haer

235 1906 363 1985 quidem
378 1914 488 1967 contra
508 1906 639 1987 impium
659 1908 849 1968 Eunomium
871 1907 969 1980 illum,
986 1906 1053 1967 haec
1073 1926 1147 1968 vero
1169 1910 1212 1969 ad
1235 1911 1353 1971 beatum

234 1995 492 2073 Amphilochium
516 1996 666 2056 decadem
696 1997 827 2056 materia
855 1996 954 2069 edita,
979 2015 1051 2075 quae
1078 1998 1227 2076 quamvis
1252 2018 1305 2077 pcr
1326 2017 1354 2057 sc

235 2083 347 2162 suique
369 2084 506 2146 auctoris
531 2085 717 2165 dignitatem
738 2086 880 2146 maxima
901 2085 973 2159 sint,
990 2088 1051 2146 mci
1070 2090 1179 2146 tamen
1203 2087 1354 2147 offerentis

236 2178 390 2250 respectu,
416 2179 575 2252 tantasque
595 2173 821 2252 magnitudinis
844 2180 970 2233 tuorum
995 2192 1071 2251 erga
1091 2193 1140 2235 me
1161 2175 1352 2245 meritorum,

237 2262 368 2322 minima
379 2261 618 2341 judicabuntur.
634 2263 703 2322 Non
725 2261 807 2322 enim
828 2261 940 2339 ignoro
962 2268 1117 2340 quantum
1134 2265 1287 2325 sanctitas
1308 2271 1355 2324 tua

237 2348 316 2409 bene
331 2349 444 2409 rnerita
458 2349 509 2423 sit,
527 2349 768 2411 clementissime
787 2350 892 2410 Pater.

757 2896 794 2953 F⁰
817 2896 856 2954 95

318 3081 446 3135 noradino
468 3093 505 3135 bu
527 3092 617 3136 SAIN'I'
638 3092 740 3136 uastat:
762 3092 838 3138 POUR
860 3094 895 3137 ta
916 3093 989 3138 tona
1011 3095 1048 3138 bu
1074 3095 1112 3137 La
1134 3081 1273 3140 baratri:

274 3309 421 3370 Velssurion
431 3313 499 3390 asic)
518 3313 681 3373 cardinalis
691 3313 757 3374 XII
770 3314 981 3392 Apostolorum
997 3313 1025 3374 T
1022 3313 1115 3375 horna
1130 3315 1167 3377 de
1181 3316 1327 3379 Serezouaei

425 3419 517 3460 sacra
529 3403 649 3480 popinae
663 3403 807 3480 artopistro
824 3402 894 3463 bene
907 3403 1012 3463 rnerr'to
1027 3402 1165 3465 salutem.

278 3582 425 3654 Quamvis
439 3582 518 3642 mihi
531 3602 692 3663 nunquam
710 3587 741 3645 in
757 3595 895 3648 mentem
912 3595 1040 3648 venerat
1057 3589 1119 3669 (sic)
1136 3591 1231 3651 beato
1246 3587 1350 3651 Basilio

238 3671 355 3731 editum
380 3672 411 3732 in
436 3673 599 3734 nativitate
619 3675 744 3735 Domini
765 3678 863 3737 nostri
885 3680 1098 3738 simmacum
1122 3679 1302 3759 eloquentia
1320 3693 1350 3734 ac

238 3762 391 3839 gravitate
415 3781 603 3835 sermonem,
631 3782 649 3823 a
675 3783 725 3825 me
751 3765 782 3824 in
808 3765 981 3844 primordio
1011 3768 1187 3828 studiorum
1216 3783 1351 3830 meorum

236 3849 341 3910 latinis
359 3851 391 3909 in
414 3851 536 3924 litteris,
552 3854 716 3913 exercendi
740 3854 856 3933 ingenii
881 3857 942 3916 mei
964 3875 1102 3930 causae
1126 3878 1231 3937 graeco
1257 3866 1350 3919 trans-

237 3937 347 4005 latum.
368 3946 402 3999 ut
423 3946 496 4000 tunc
517 3941 570 4001 illa
589 3942 719 4003 minima
732 3943 762 4003 in
779 3943 828 4003 bis
842 3944 954 4004 litteris
974 3947 1197 4024 suppeditabat
1217 3947 1349 4012 seientia.

236 4026 266 4085 in
297 4027 457 4105 publicum
488 4048 642 4106 promere,
669 4051 708 4092 nc
731 4033 910 4112 interpretis
937 4033 1095 4113 imperitia
1119 4055 1155 4096 ac
1181 4036 1350 4115 ignorantia

237 4115 413 4175 adrnirabili
429 4116 473 4175 illi
488 4118 638 4180 doctrinae
654 4128 685 4181 et
700 4122 879 4182 auctoritati
895 4122 1089 4184 disertissimi
1106 4123 1244 4186 doctoris
1259 4126 1352 4203 impu·

238 4206 334 4275 tetur;
352 4204 436 4282 apud
455 4205 525 4265 illos
545 4211 717 4284 prasertim
736 4210 790 4289 qui
812 4211 929 4271 nullam
951 4218 1005 4272 aut
1026 4212 1191 4272 minimam
1208 4216 1255 4275 sui
1275 4213 1349 4274 noti·

237 4289 311 4349 tiam
332 4292 485 4367 habeant;
503 4315 559 4355 noc
575 4305 766 4375 cognoscant
784 4317 847 4378 quo
868 4319 939 4360 cum
959 4307 1084 4376 ornatu,
1102 4310 1262 4382 quantove
1277 4320 1348 4382 pon·
