<?xml version="1.0" encoding="UTF-8"?>
<!DOCTYPE html PUBLIC "-//W3C//DTD XHTML 1.0 Transitional//EN"
    "http://www.w3.org/TR/xhtml1/DTD/xhtml1-transitional.dtd">
<html xmlns="http://www.w3.org/1999/xhtml" xml:lang="en" lang="en">
 <head>
  <title>
</title>
<meta http-equiv="Content-Type" content="text/html;charset=utf-8" />
  <meta name='ocr-system' content='tesseract 3.04.00' />
  <meta name='ocr-capabilities' content='ocr_page ocr_carea ocr_par ocr_line ocrx_word'/>
</head>
<body>
  <div class='ocr_page' id='page_1' title='image "./lecardinalbessa00vastgoog/lecardinalbessa00vastgoog_0483.png"; bbox 0 0 2850 4860; ppageno 0'>
   <div class='ocr_carea' id='block_1_1' title="bbox 538 1296 864 1370">
    <p class='ocr_par' dir='ltr' id='par_1_1' title="bbox 538 1296 864 1370">
     <span class='ocr_line' id='line_1_1' title="bbox 538 1296 864 1370; baseline -0.003 0"><span class='ocrx_word' id='word_1_1' title='bbox 538 1296 789 1370; x_wconf 80' lang='lat' dir='ltr'><strong>APPENDIGE</strong></span> <span class='ocrx_word' id='word_1_2' title='bbox 814 1297 864 1369; x_wconf 89' lang='lat' dir='ltr'><em>Ill</em></span> 
     </span>
    </p>
   </div>
   <div class='ocr_carea' id='block_1_2' title="bbox 383 1564 1030 1646">
    <p class='ocr_par' dir='ltr' id='par_1_2' title="bbox 383 1564 1030 1646">
     <span class='ocr_line' id='line_1_2' title="bbox 383 1564 1030 1646; baseline -0.008 -15"><span class='ocrx_word' id='word_1_3' title='bbox 383 1581 574 1631; x_wconf 73' lang='lat' dir='ltr'><em>nauuscrur</em></span> <span class='ocrx_word' id='word_1_4' title='bbox 596 1584 709 1646; x_wconf 67' lang='lat' dir='ltr'><em>curm,</em></span> <span class='ocrx_word' id='word_1_5' title='bbox 731 1578 769 1630; x_wconf 81' lang='lat' dir='ltr'><em>n⁰</em></span> <span class='ocrx_word' id='word_1_6' title='bbox 789 1564 881 1643; x_wconf 72' lang='lat'><em>3127,</em></span> <span class='ocrx_word' id='word_1_7' title='bbox 903 1577 938 1627; x_wconf 87' lang='lat' dir='ltr'><em>r⁰</em></span> <span class='ocrx_word' id='word_1_8' title='bbox 959 1565 1030 1627; x_wconf 77' lang='lat'><strong>158.</strong></span> 
     </span>
    </p>
   </div>
   <div class='ocr_carea' id='block_1_3' title="bbox 107 1821 1271 2064">
    <p class='ocr_par' dir='ltr' id='par_1_3' title="bbox 107 1821 1271 2064">
     <span class='ocr_line' id='line_1_3' title="bbox 107 1821 1266 1904; baseline 0.003 -23"><span class='ocrx_word' id='word_1_9' title='bbox 107 1888 113 1901; x_wconf 54' lang='grc'><strong><em>,</em></strong></span> <span class='ocrx_word' id='word_1_10' title='bbox 182 1821 323 1903; x_wconf 80' lang='lat' dir='ltr'><em>Epistola</em></span> <span class='ocrx_word' id='word_1_11' title='bbox 339 1821 493 1883; x_wconf 85' lang='lat' dir='ltr'><em>Bissarion</em></span> <span class='ocrx_word' id='word_1_12' title='bbox 511 1822 571 1904; x_wconf 83' lang='lat' dir='ltr'><em>(sic)</em></span> <span class='ocrx_word' id='word_1_13' title='bbox 590 1821 753 1884; x_wconf 86' lang='lat' dir='ltr'><em>cardinalis</em></span> <span class='ocrx_word' id='word_1_14' title='bbox 771 1821 942 1896; x_wconf 77' lang='lat' dir='ltr'><em>Tusculani,</em></span> <span class='ocrx_word' id='word_1_15' title='bbox 960 1821 1054 1902; x_wconf 74' lang='lat' dir='ltr'><em>lopati</em></span> <span class='ocrx_word' id='word_1_16' title='bbox 1070 1821 1266 1886; x_wconf 70' lang='lat' dir='ltr'><em>Bononiensis</em></span> 
     </span>
     <span class='ocr_line' id='line_1_4' title="bbox 143 1910 1271 1996; baseline 0 -24"><span class='ocrx_word' id='word_1_17' title='bbox 143 1913 267 1973; x_wconf 87' lang='lat' dir='ltr'><em>natione</em></span> <span class='ocrx_word' id='word_1_18' title='bbox 285 1910 401 1983; x_wconf 79' lang='lat' dir='ltr'><em>Gracd,</em></span> <span class='ocrx_word' id='word_1_19' title='bbox 418 1911 571 1974; x_wconf 84' lang='lat' dir='ltr'><em>addacem</em></span> <span class='ocrx_word' id='word_1_20' title='bbox 598 1911 773 1974; x_wconf 81' lang='lat' dir='ltr'><em>Venetorum</em></span> <span class='ocrx_word' id='word_1_21' title='bbox 788 1933 846 1994; x_wconf 82' lang='lat' dir='ltr'><em>pro</em></span> <span class='ocrx_word' id='word_1_22' title='bbox 870 1911 983 1974; x_wconf 81' lang='lat' dir='ltr'><em>auailro</em></span> <span class='ocrx_word' id='word_1_23' title='bbox 1007 1911 1271 1996; x_wconf 78' lang='lat' dir='ltr'><em>Constantinopoli</em></span> 
     </span>
     <span class='ocr_line' id='line_1_5' title="bbox 144 2000 538 2064; baseline -0.005 0"><span class='ocrx_word' id='word_1_24' title='bbox 144 2000 307 2064; x_wconf 73' lang='lat' dir='ltr'><em>exhibendo</em></span> <span class='ocrx_word' id='word_1_25' title='bbox 322 2000 538 2062; x_wconf 78' lang='lat' dir='ltr'><em>cohortatoria.</em></span> 
     </span>
    </p>
   </div>
   <div class='ocr_carea' id='block_1_4' title="bbox 145 2177 1269 2349">
    <p class='ocr_par' dir='ltr' id='par_1_4' title="bbox 145 2177 1269 2349">
     <span class='ocr_line' id='line_1_6' title="bbox 183 2177 1269 2258; baseline 0 -18"><span class='ocrx_word' id='word_1_26' title='bbox 183 2181 395 2241; x_wconf 84' lang='lat' dir='ltr'><em>illustrissime</em></span> <span class='ocrx_word' id='word_1_27' title='bbox 423 2187 453 2241; x_wconf 90' lang='lat' dir='ltr'><em>et</em></span> <span class='ocrx_word' id='word_1_28' title='bbox 482 2180 741 2241; x_wconf 88' lang='lat' dir='ltr'><em>excellentissime</em></span> <span class='ocrx_word' id='word_1_29' title='bbox 767 2179 922 2258; x_wconf 87' lang='lat' dir='ltr'><em>princeps,</em></span> <span class='ocrx_word' id='word_1_30' title='bbox 947 2177 1054 2238; x_wconf 85' lang='lat' dir='ltr'><em>distuli</em></span> <span class='ocrx_word' id='word_1_31' title='bbox 1080 2186 1157 2241; x_wconf 87' lang='lat' dir='ltr'><em>ante</em></span> <span class='ocrx_word' id='word_1_32' title='bbox 1188 2181 1269 2241; x_wconf 90' lang='lat' dir='ltr'><em>hunc</em></span> 
     </span>
     <span class='ocr_line' id='line_1_7' title="bbox 145 2267 1268 2349; baseline 0.001 -21"><span class='ocrx_word' id='word_1_33' title='bbox 145 2268 239 2343; x_wconf 89' lang='lat' dir='ltr'><em>diem,</em></span> <span class='ocrx_word' id='word_1_34' title='bbox 258 2270 414 2330; x_wconf 80' lang='lat' dir='ltr'><em>infelicem</em></span> <span class='ocrx_word' id='word_1_35' title='bbox 428 2275 460 2329; x_wconf 89' lang='lat' dir='ltr'><em>et</em></span> <span class='ocrx_word' id='word_1_36' title='bbox 475 2270 691 2330; x_wconf 86' lang='lat' dir='ltr'><em>calamitosam</em></span> <span class='ocrx_word' id='word_1_37' title='bbox 707 2269 817 2329; x_wconf 89' lang='lat' dir='ltr'><em>urbem</em></span> <span class='ocrx_word' id='word_1_38' title='bbox 838 2286 941 2328; x_wconf 89' lang='lat' dir='ltr'><em>meam</em></span> <span class='ocrx_word' id='word_1_39' title='bbox 961 2267 1268 2349; x_wconf 82' lang='lat' dir='ltr'><em>Constantinopolim</em></span> 
     </span>
    </p>
   </div>
   <div class='ocr_carea' id='block_1_5' title="bbox 145 2356 1269 4213">
    <p class='ocr_par' dir='ltr' id='par_1_5' title="bbox 145 2356 1269 3058">
     <span class='ocr_line' id='line_1_8' title="bbox 145 2356 1269 2437; baseline -0.001 -18"><span class='ocrx_word' id='word_1_40' title='bbox 145 2364 206 2419; x_wconf 77' lang='lat' dir='ltr'><em>tua</em></span> <span class='ocrx_word' id='word_1_41' title='bbox 232 2357 413 2418; x_wconf 89' lang='lat' dir='ltr'><em>Celsitudini</em></span> <span class='ocrx_word' id='word_1_42' title='bbox 438 2358 675 2433; x_wconf 89' lang='lat' dir='ltr'><em>commendare,</em></span> <span class='ocrx_word' id='word_1_43' title='bbox 697 2366 763 2418; x_wconf 89' lang='lat' dir='ltr'><em>tum</em></span> <span class='ocrx_word' id='word_1_44' title='bbox 787 2357 906 2437; x_wconf 90' lang='lat' dir='ltr'><em>pudore</em></span> <span class='ocrx_word' id='word_1_45' title='bbox 929 2356 1068 2436; x_wconf 89' lang='lat' dir='ltr'><em>quodam</em></span> <span class='ocrx_word' id='word_1_46' title='bbox 1091 2358 1269 2419; x_wconf 80' lang='lat' dir='ltr'><em>subrustico</em></span> 
     </span>
     <span class='ocr_line' id='line_1_9' title="bbox 145 2447 1269 2527; baseline -0.001 -21"><span class='ocrx_word' id='word_1_47' title='bbox 145 2453 308 2524; x_wconf 88' lang='lat' dir='ltr'><em>retractus,</em></span> <span class='ocrx_word' id='word_1_48' title='bbox 321 2466 360 2507; x_wconf 88' lang='lat' dir='ltr'><em>ne</em></span> <span class='ocrx_word' id='word_1_49' title='bbox 370 2465 428 2526; x_wconf 93' lang='lat' dir='ltr'><em>pro</em></span> <span class='ocrx_word' id='word_1_50' title='bbox 444 2447 611 2508; x_wconf 90' lang='lat' dir='ltr'><em>commodo</em></span> <span class='ocrx_word' id='word_1_51' title='bbox 625 2454 655 2507; x_wconf 90' lang='lat' dir='ltr'><em>et</em></span> <span class='ocrx_word' id='word_1_52' title='bbox 670 2448 769 2507; x_wconf 90' lang='lat' dir='ltr'><em>salute</em></span> <span class='ocrx_word' id='word_1_53' title='bbox 780 2447 905 2525; x_wconf 89' lang='lat' dir='ltr'><em>proprie</em></span> <span class='ocrx_word' id='word_1_54' title='bbox 916 2464 1042 2524; x_wconf 86' lang='lat' dir='ltr'><em>rogans,</em></span> <span class='ocrx_word' id='word_1_55' title='bbox 1055 2465 1165 2507; x_wconf 88' lang='lat' dir='ltr'><em>meum</em></span> <span class='ocrx_word' id='word_1_56' title='bbox 1174 2448 1269 2527; x_wconf 89' lang='lat' dir='ltr'><em>ipsius</em></span> 
     </span>
     <span class='ocr_line' id='line_1_10' title="bbox 146 2536 1267 2616; baseline -0.002 -20"><span class='ocrx_word' id='word_1_57' title='bbox 146 2536 348 2597; x_wconf 86' lang='lat' dir='ltr'><em>commodum</em></span> <span class='ocrx_word' id='word_1_58' title='bbox 378 2555 518 2616; x_wconf 71' lang='lat' dir='ltr'><em>quaerere</em></span> <span class='ocrx_word' id='word_1_59' title='bbox 546 2536 687 2609; x_wconf 88' lang='lat' dir='ltr'><em>viderer;</em></span> <span class='ocrx_word' id='word_1_60' title='bbox 712 2543 779 2595; x_wconf 89' lang='lat' dir='ltr'><em>tum</em></span> <span class='ocrx_word' id='word_1_61' title='bbox 808 2537 882 2615; x_wconf 89' lang='lat' dir='ltr'><em>quia</em></span> <span class='ocrx_word' id='word_1_62' title='bbox 910 2537 966 2594; x_wconf 81' lang='lat' dir='ltr'><em>sud</em></span> <span class='ocrx_word' id='word_1_63' title='bbox 995 2541 1109 2614; x_wconf 89' lang='lat' dir='ltr'><em>sponte</em></span> <span class='ocrx_word' id='word_1_64' title='bbox 1137 2537 1267 2614; x_wconf 80' lang='lat' dir='ltr'><em>inclytus</em></span> 
     </span>
     <span class='ocr_line' id='line_1_11' title="bbox 145 2622 1265 2702; baseline -0.002 -18"><span class='ocrx_word' id='word_1_65' title='bbox 145 2631 271 2685; x_wconf 88' lang='lat' dir='ltr'><em>senatus</em></span> <span class='ocrx_word' id='word_1_66' title='bbox 299 2631 418 2697; x_wconf 84' lang='lat' dir='ltr'><em>voster,</em></span> <span class='ocrx_word' id='word_1_67' title='bbox 450 2630 485 2683; x_wconf 90' lang='lat' dir='ltr'><em>ut</em></span> <span class='ocrx_word' id='word_1_68' title='bbox 514 2629 559 2684; x_wconf 90' lang='lat' dir='ltr'><em>est</em></span> <span class='ocrx_word' id='word_1_69' title='bbox 590 2643 665 2702; x_wconf 88' lang='lat' dir='ltr'><em>erga</em></span> <span class='ocrx_word' id='word_1_70' title='bbox 693 2643 802 2684; x_wconf 90' lang='lat' dir='ltr'><em>omnes</em></span> <span class='ocrx_word' id='word_1_71' title='bbox 830 2622 963 2682; x_wconf 85' lang='lat' dir='ltr'><em>afflictos</em></span> <span class='ocrx_word' id='word_1_72' title='bbox 994 2622 1265 2696; x_wconf 87' lang='lat' dir='ltr'><em>clementissimus,</em></span> 
     </span>
     <span class='ocr_line' id='line_1_12' title="bbox 146 2710 1265 2791; baseline -0.004 -17"><span class='ocrx_word' id='word_1_73' title='bbox 146 2719 268 2774; x_wconf 90' lang='lat' dir='ltr'><em>tautum</em></span> <span class='ocrx_word' id='word_1_74' title='bbox 285 2713 352 2791; x_wconf 91' lang='lat' dir='ltr'><em>opis</em></span> <span class='ocrx_word' id='word_1_75' title='bbox 368 2712 568 2791; x_wconf 80' lang='lat' dir='ltr'><em>praesidiique</em></span> <span class='ocrx_word' id='word_1_76' title='bbox 582 2719 720 2791; x_wconf 87' lang='lat' dir='ltr'><em>pararat,</em></span> <span class='ocrx_word' id='word_1_77' title='bbox 736 2718 769 2771; x_wconf 92' lang='lat' dir='ltr'><em>ut</em></span> <span class='ocrx_word' id='word_1_78' title='bbox 784 2730 893 2771; x_wconf 88' lang='lat' dir='ltr'><em>omues</em></span> <span class='ocrx_word' id='word_1_79' title='bbox 907 2710 1035 2771; x_wconf 89' lang='lat' dir='ltr'><em>indubie</em></span> <span class='ocrx_word' id='word_1_80' title='bbox 1051 2712 1265 2773; x_wconf 79' lang='lat' dir='ltr'><em>existimarent</em></span> 
     </span>
     <span class='ocr_line' id='line_1_13' title="bbox 146 2800 1264 2881; baseline -0.003 -19"><span class='ocrx_word' id='word_1_81' title='bbox 146 2802 232 2875; x_wconf 89' lang='lat' dir='ltr'><em>satis,</em></span> <span class='ocrx_word' id='word_1_82' title='bbox 248 2802 280 2861; x_wconf 90' lang='lat' dir='ltr'><em>id</em></span> <span class='ocrx_word' id='word_1_83' title='bbox 294 2801 421 2881; x_wconf 89' lang='lat' dir='ltr'><em>quidem</em></span> <span class='ocrx_word' id='word_1_84' title='bbox 435 2820 596 2880; x_wconf 80' lang='lat' dir='ltr'><em>superesse</em></span> <span class='ocrx_word' id='word_1_85' title='bbox 611 2801 651 2859; x_wconf 90' lang='lat' dir='ltr'><em>ad</em></span> <span class='ocrx_word' id='word_1_86' title='bbox 666 2820 734 2861; x_wconf 83' lang='lat' dir='ltr'><em>eain</em></span> <span class='ocrx_word' id='word_1_87' title='bbox 749 2801 858 2860; x_wconf 90' lang='lat' dir='ltr'><em>urbem</em></span> <span class='ocrx_word' id='word_1_88' title='bbox 875 2800 1053 2871; x_wconf 88' lang='lat' dir='ltr'><em>tutandam,</em></span> <span class='ocrx_word' id='word_1_89' title='bbox 1065 2802 1105 2861; x_wconf 85' lang='lat' dir='ltr'><em>ad</em></span> <span class='ocrx_word' id='word_1_90' title='bbox 1117 2801 1264 2862; x_wconf 79' lang='lat' dir='ltr'><em>arcendos</em></span> 
     </span>
     <span class='ocr_line' id='line_1_14' title="bbox 146 2888 1261 2968; baseline -0.002 -19"><span class='ocrx_word' id='word_1_91' title='bbox 146 2909 164 2949; x_wconf 90' lang='lat' dir='ltr'><em>a</em></span> <span class='ocrx_word' id='word_1_92' title='bbox 189 2892 344 2951; x_wconf 70' lang='lat' dir='ltr'><em>moenibus</em></span> <span class='ocrx_word' id='word_1_93' title='bbox 366 2891 528 2963; x_wconf 88' lang='lat' dir='ltr'><em>barbaros,</em></span> <span class='ocrx_word' id='word_1_94' title='bbox 551 2890 592 2950; x_wconf 88' lang='lat' dir='ltr'><em>ad</em></span> <span class='ocrx_word' id='word_1_95' title='bbox 615 2891 767 2968; x_wconf 88' lang='lat' dir='ltr'><em>impetum</em></span> <span class='ocrx_word' id='word_1_96' title='bbox 788 2888 993 2949; x_wconf 89' lang='lat' dir='ltr'><em>crudelissimi</em></span> <span class='ocrx_word' id='word_1_97' title='bbox 1010 2889 1111 2950; x_wconf 89' lang='lat' dir='ltr'><em>hostis</em></span> <span class='ocrx_word' id='word_1_98' title='bbox 1131 2890 1261 2968; x_wconf 89' lang='lat' dir='ltr'><em>compri-</em></span> 
     </span>
     <span class='ocr_line' id='line_1_15' title="bbox 148 2977 1032 3058; baseline -0.001 -21"><span class='ocrx_word' id='word_1_99' title='bbox 148 2980 312 3053; x_wconf 90' lang='lat' dir='ltr'><em>mendum;</em></span> <span class='ocrx_word' id='word_1_100' title='bbox 328 2980 412 3058; x_wconf 87' lang='lat' dir='ltr'><em>quod</em></span> <span class='ocrx_word' id='word_1_101' title='bbox 428 2980 548 3039; x_wconf 89' lang='lat' dir='ltr'><em>utinam</em></span> <span class='ocrx_word' id='word_1_102' title='bbox 563 2998 600 3039; x_wconf 90' lang='lat' dir='ltr'><em>co</em></span> <span class='ocrx_word' id='word_1_103' title='bbox 616 2979 800 3057; x_wconf 84' lang='lat' dir='ltr'><em>tempestive</em></span> <span class='ocrx_word' id='word_1_104' title='bbox 816 2977 1032 3056; x_wconf 86' lang='lat' dir='ltr'><em>applicuisset!</em></span> 
     </span>
    </p>

    <p class='ocr_par' dir='ltr' id='par_1_6' title="bbox 146 3066 1265 3324">
     <span class='ocr_line' id='line_1_16' title="bbox 186 3066 1264 3146; baseline 0 -21"><span class='ocrx_word' id='word_1_105' title='bbox 186 3069 254 3126; x_wconf 93' lang='lat' dir='ltr'><em>Non</em></span> <span class='ocrx_word' id='word_1_106' title='bbox 278 3068 360 3127; x_wconf 88' lang='lat' dir='ltr'><em>cuim</em></span> <span class='ocrx_word' id='word_1_107' title='bbox 387 3087 523 3129; x_wconf 89' lang='lat' dir='ltr'><em>essemus</em></span> <span class='ocrx_word' id='word_1_108' title='bbox 548 3087 601 3146; x_wconf 92' lang='lat' dir='ltr'><em>spe</em></span> <span class='ocrx_word' id='word_1_109' title='bbox 624 3068 763 3129; x_wconf 86' lang='lat' dir='ltr'><em>destituti</em></span> <span class='ocrx_word' id='word_1_110' title='bbox 785 3074 879 3146; x_wconf 88' lang='lat' dir='ltr'><em>atqua</em></span> <span class='ocrx_word' id='word_1_111' title='bbox 908 3066 1055 3145; x_wconf 89' lang='lat' dir='ltr'><em>opinione</em></span> <span class='ocrx_word' id='word_1_112' title='bbox 1081 3069 1187 3129; x_wconf 76' lang='lat' dir='ltr'><em>nostra</em></span> <span class='ocrx_word' id='word_1_113' title='bbox 1208 3067 1264 3126; x_wconf 86' lang='lat' dir='ltr'><em>de·</em></span> 
     </span>
     <span class='ocr_line' id='line_1_17' title="bbox 147 3155 1265 3235; baseline 0 -20"><span class='ocrx_word' id='word_1_114' title='bbox 147 3155 299 3226; x_wconf 56' lang='lat' dir='ltr'><em>fraudata</em></span> <span class='ocrx_word' id='word_1_115' title='bbox 320 3175 426 3216; x_wconf 81' lang='lat' dir='ltr'><em>verum</em></span> <span class='ocrx_word' id='word_1_116' title='bbox 451 3175 512 3217; x_wconf 91' lang='lat' dir='ltr'><em>non</em></span> <span class='ocrx_word' id='word_1_117' title='bbox 535 3157 724 3235; x_wconf 73' lang='lat' dir='ltr'><em>negligentia</em></span> <span class='ocrx_word' id='word_1_118' title='bbox 743 3159 858 3226; x_wconf 76' lang='lat' dir='ltr'><em>restra,</em></span> <span class='ocrx_word' id='word_1_119' title='bbox 880 3158 979 3233; x_wconf 88' lang='lat' dir='ltr'><em>cujus,</em></span> <span class='ocrx_word' id='word_1_120' title='bbox 1000 3155 1031 3214; x_wconf 91' lang='lat' dir='ltr'><em>in</em></span> <span class='ocrx_word' id='word_1_121' title='bbox 1052 3159 1144 3217; x_wconf 77' lang='lat' dir='ltr'><em>tanta</em></span> <span class='ocrx_word' id='word_1_122' title='bbox 1164 3176 1205 3230; x_wconf 83' lang='lat' dir='ltr'><em>re,</em></span> <span class='ocrx_word' id='word_1_123' title='bbox 1229 3175 1265 3216; x_wconf 87' lang='lat' dir='ltr'><em>ue</em></span> 
     </span>
     <span class='ocr_line' id='line_1_18' title="bbox 146 3244 793 3324; baseline -0.002 -19"><span class='ocrx_word' id='word_1_124' title='bbox 146 3244 350 3305; x_wconf 86' lang='lat' dir='ltr'><em>simulacrum</em></span> <span class='ocrx_word' id='word_1_125' title='bbox 365 3245 464 3304; x_wconf 91' lang='lat' dir='ltr'><em>ullum</em></span> <span class='ocrx_word' id='word_1_126' title='bbox 479 3247 628 3324; x_wconf 84' lang='lat' dir='ltr'><em>apparuit</em></span> <span class='ocrx_word' id='word_1_127' title='bbox 643 3266 793 3324; x_wconf 89' lang='lat' dir='ltr'><em>unquam.</em></span> 
     </span>
    </p>

    <p class='ocr_par' dir='ltr' id='par_1_7' title="bbox 145 3332 1269 4034">
     <span class='ocr_line' id='line_1_19' title="bbox 187 3332 1267 3413; baseline -0.002 -18"><span class='ocrx_word' id='word_1_128' title='bbox 187 3334 247 3395; x_wconf 86' lang='lat' dir='ltr'><em>Sed</em></span> <span class='ocrx_word' id='word_1_129' title='bbox 272 3339 303 3392; x_wconf 90' lang='lat' dir='ltr'><em>et</em></span> <span class='ocrx_word' id='word_1_130' title='bbox 323 3332 481 3392; x_wconf 82' lang='lat' dir='ltr'><em>vicinitate</em></span> <span class='ocrx_word' id='word_1_131' title='bbox 503 3334 601 3393; x_wconf 87' lang='lat' dir='ltr'><em>hostis</em></span> <span class='ocrx_word' id='word_1_132' title='bbox 622 3341 652 3393; x_wconf 90' lang='lat' dir='ltr'><em>et</em></span> <span class='ocrx_word' id='word_1_133' title='bbox 672 3336 852 3413; x_wconf 90' lang='lat' dir='ltr'><em>importuno</em></span> <span class='ocrx_word' id='word_1_134' title='bbox 872 3334 946 3392; x_wconf 88' lang='lat' dir='ltr'><em>anni</em></span> <span class='ocrx_word' id='word_1_135' title='bbox 968 3340 1122 3411; x_wconf 87' lang='lat' dir='ltr'><em>tempore,</em></span> <span class='ocrx_word' id='word_1_136' title='bbox 1147 3335 1267 3395; x_wconf 78' lang='lat' dir='ltr'><em>stlatis</em></span> 
     </span>
     <span class='ocr_line' id='line_1_20' title="bbox 147 3420 1265 3495; baseline -0.002 -11"><span class='ocrx_word' id='word_1_137' title='bbox 147 3424 191 3484; x_wconf 88' lang='lat' dir='ltr'><em>ita</em></span> <span class='ocrx_word' id='word_1_138' title='bbox 205 3422 381 3484; x_wconf 76' lang='lat' dir='ltr'><em>volentibus</em></span> <span class='ocrx_word' id='word_1_139' title='bbox 395 3420 438 3480; x_wconf 89' lang='lat' dir='ltr'><em>ita</em></span> <span class='ocrx_word' id='word_1_140' title='bbox 452 3423 569 3481; x_wconf 89' lang='lat' dir='ltr'><em>lactum</em></span> <span class='ocrx_word' id='word_1_141' title='bbox 587 3428 643 3495; x_wconf 89' lang='lat' dir='ltr'><em>est,</em></span> <span class='ocrx_word' id='word_1_142' title='bbox 661 3429 694 3482; x_wconf 92' lang='lat' dir='ltr'><em>ut</em></span> <span class='ocrx_word' id='word_1_143' title='bbox 710 3424 785 3483; x_wconf 91' lang='lat' dir='ltr'><em>dum</em></span> <span class='ocrx_word' id='word_1_144' title='bbox 800 3423 832 3482; x_wconf 88' lang='lat' dir='ltr'><em>in</em></span> <span class='ocrx_word' id='word_1_145' title='bbox 847 3422 950 3483; x_wconf 90' lang='lat' dir='ltr'><em>medio</em></span> <span class='ocrx_word' id='word_1_146' title='bbox 969 3441 1061 3482; x_wconf 90' lang='lat' dir='ltr'><em>eursu</em></span> <span class='ocrx_word' id='word_1_147' title='bbox 1081 3429 1128 3482; x_wconf 91' lang='lat' dir='ltr'><em>est</em></span> <span class='ocrx_word' id='word_1_148' title='bbox 1149 3424 1265 3495; x_wconf 84' lang='lat' dir='ltr'><em>elassis,</em></span> 
     </span>
     <span class='ocr_line' id='line_1_21' title="bbox 146 3509 1268 3591; baseline 0 -19"><span class='ocrx_word' id='word_1_149' title='bbox 146 3513 219 3572; x_wconf 92' lang='lat' dir='ltr'><em>dum</em></span> <span class='ocrx_word' id='word_1_150' title='bbox 236 3531 290 3591; x_wconf 91' lang='lat' dir='ltr'><em>spc</em></span> <span class='ocrx_word' id='word_1_151' title='bbox 307 3509 444 3571; x_wconf 72' lang='lat' dir='ltr'><em>victorin</em></span> <span class='ocrx_word' id='word_1_152' title='bbox 461 3511 579 3570; x_wconf 84' lang='lat' dir='ltr'><em>alacres</em></span> <span class='ocrx_word' id='word_1_153' title='bbox 594 3511 692 3590; x_wconf 78' lang='lat' dir='ltr'><em>copim</em></span> <span class='ocrx_word' id='word_1_154' title='bbox 714 3513 744 3571; x_wconf 92' lang='lat' dir='ltr'><em>in</em></span> <span class='ocrx_word' id='word_1_155' title='bbox 765 3513 885 3572; x_wconf 89' lang='lat' dir='ltr'><em>hostem</em></span> <span class='ocrx_word' id='word_1_156' title='bbox 902 3512 1055 3584; x_wconf 89' lang='lat' dir='ltr'><em>seruntur,</em></span> <span class='ocrx_word' id='word_1_157' title='bbox 1072 3512 1268 3590; x_wconf 78' lang='lat' dir='ltr'><em>praeverterit</em></span> 
     </span>
     <span class='ocr_line' id='line_1_22' title="bbox 146 3599 1267 3676; baseline 0.002 -17"><span class='ocrx_word' id='word_1_158' title='bbox 146 3600 299 3660; x_wconf 90' lang='lat' dir='ltr'><em>barbarus</em></span> <span class='ocrx_word' id='word_1_159' title='bbox 314 3600 435 3670; x_wconf 89' lang='lat' dir='ltr'><em>urbem,</em></span> <span class='ocrx_word' id='word_1_160' title='bbox 448 3617 543 3676; x_wconf 91' lang='lat' dir='ltr'><em>quam</em></span> <span class='ocrx_word' id='word_1_161' title='bbox 558 3604 589 3658; x_wconf 92' lang='lat' dir='ltr'><em>et</em></span> <span class='ocrx_word' id='word_1_162' title='bbox 604 3599 664 3658; x_wconf 92' lang='lat' dir='ltr'><em>situ</em></span> <span class='ocrx_word' id='word_1_163' title='bbox 679 3599 750 3673; x_wconf 91' lang='lat' dir='ltr'><em>loci,</em></span> <span class='ocrx_word' id='word_1_164' title='bbox 767 3607 797 3661; x_wconf 92' lang='lat' dir='ltr'><em>et</em></span> <span class='ocrx_word' id='word_1_165' title='bbox 813 3600 980 3675; x_wconf 73' lang='lat' dir='ltr'><em>moenibus,</em></span> <span class='ocrx_word' id='word_1_166' title='bbox 992 3606 1023 3659; x_wconf 91' lang='lat' dir='ltr'><em>et</em></span> <span class='ocrx_word' id='word_1_167' title='bbox 1034 3608 1227 3673; x_wconf 85' lang='lat' dir='ltr'><em>commeatu,</em></span> <span class='ocrx_word' id='word_1_168' title='bbox 1239 3607 1267 3661; x_wconf 93' lang='lat' dir='ltr'><em>et</em></span> 
     </span>
     <span class='ocr_line' id='line_1_23' title="bbox 146 3686 1264 3769; baseline 0.003 -21"><span class='ocrx_word' id='word_1_169' title='bbox 146 3689 233 3749; x_wconf 91' lang='lat' dir='ltr'><em>omni</em></span> <span class='ocrx_word' id='word_1_170' title='bbox 248 3708 361 3767; x_wconf 89' lang='lat' dir='ltr'><em>genere</em></span> <span class='ocrx_word' id='word_1_171' title='bbox 376 3686 514 3767; x_wconf 70' lang='lat' dir='ltr'><em>preasidii</em></span> <span class='ocrx_word' id='word_1_172' title='bbox 530 3687 783 3763; x_wconf 88' lang='lat' dir='ltr'><em>munitissimam,</em></span> <span class='ocrx_word' id='word_1_173' title='bbox 799 3709 892 3768; x_wconf 88' lang='lat' dir='ltr'><em>quam</em></span> <span class='ocrx_word' id='word_1_174' title='bbox 908 3689 1009 3749; x_wconf 92' lang='lat' dir='ltr'><em>omnis</em></span> <span class='ocrx_word' id='word_1_175' title='bbox 1020 3689 1096 3748; x_wconf 90' lang='lat' dir='ltr'><em>anui</em></span> <span class='ocrx_word' id='word_1_176' title='bbox 1110 3689 1264 3769; x_wconf 87' lang='lat' dir='ltr'><em>integrum</em></span> 
     </span>
     <span class='ocr_line' id='line_1_24' title="bbox 146 3776 1269 3857; baseline -0.001 -20"><span class='ocrx_word' id='word_1_177' title='bbox 146 3777 212 3855; x_wconf 91' lang='lat' dir='ltr'><em>pati</em></span> <span class='ocrx_word' id='word_1_178' title='bbox 229 3796 319 3855; x_wconf 89' lang='lat' dir='ltr'><em>posse</em></span> <span class='ocrx_word' id='word_1_179' title='bbox 335 3776 530 3837; x_wconf 89' lang='lat' dir='ltr'><em>obsidionem</em></span> <span class='ocrx_word' id='word_1_180' title='bbox 548 3777 729 3855; x_wconf 86' lang='lat' dir='ltr'><em>sperabant,</em></span> <span class='ocrx_word' id='word_1_181' title='bbox 747 3777 865 3838; x_wconf 77' lang='lat' dir='ltr'><em>virilius</em></span> <span class='ocrx_word' id='word_1_182' title='bbox 881 3777 1120 3857; x_wconf 77' lang='lat' dir='ltr'><em>expugnaverit.</em></span> <span class='ocrx_word' id='word_1_183' title='bbox 1138 3781 1217 3839; x_wconf 86' lang='lat' dir='ltr'><em>Rem</em></span> <span class='ocrx_word' id='word_1_184' title='bbox 1237 3784 1269 3838; x_wconf 90' lang='lat' dir='ltr'><em>ut</em></span> 
     </span>
     <span class='ocr_line' id='line_1_25' title="bbox 146 3864 1268 3946; baseline 0.004 -23"><span class='ocrx_word' id='word_1_185' title='bbox 146 3864 231 3924; x_wconf 91' lang='lat' dir='ltr'><em>dictu</em></span> <span class='ocrx_word' id='word_1_186' title='bbox 249 3866 432 3939; x_wconf 88' lang='lat' dir='ltr'><em>terribilem,</em></span> <span class='ocrx_word' id='word_1_187' title='bbox 453 3866 497 3926; x_wconf 87' lang='lat' dir='ltr'><em>ita</em></span> <span class='ocrx_word' id='word_1_188' title='bbox 517 3866 557 3926; x_wconf 90' lang='lat' dir='ltr'><em>ab</em></span> <span class='ocrx_word' id='word_1_189' title='bbox 578 3867 724 3927; x_wconf 88' lang='lat' dir='ltr'><em>omnibus</em></span> <span class='ocrx_word' id='word_1_190' title='bbox 743 3866 798 3945; x_wconf 86' lang='lat' dir='ltr'><em>qui</em></span> <span class='ocrx_word' id='word_1_191' title='bbox 818 3866 936 3946; x_wconf 91' lang='lat' dir='ltr'><em>aliquid</em></span> <span class='ocrx_word' id='word_1_192' title='bbox 956 3867 986 3925; x_wconf 93' lang='lat' dir='ltr'><em>in</em></span> <span class='ocrx_word' id='word_1_193' title='bbox 1009 3885 1042 3926; x_wconf 89' lang='lat' dir='ltr'><em>se</em></span> <span class='ocrx_word' id='word_1_194' title='bbox 1061 3865 1268 3928; x_wconf 88' lang='lat' dir='ltr'><em>humanitatis</em></span> 
     </span>
     <span class='ocr_line' id='line_1_26' title="bbox 145 3951 964 4034; baseline 0.001 -22"><span class='ocrx_word' id='word_1_195' title='bbox 145 3951 275 4026; x_wconf 87' lang='lat' dir='ltr'><em>habent,</em></span> <span class='ocrx_word' id='word_1_196' title='bbox 293 3973 329 4013; x_wconf 89' lang='lat' dir='ltr'><em>ac</em></span> <span class='ocrx_word' id='word_1_197' title='bbox 344 3954 517 4032; x_wconf 69' lang='lat' dir='ltr'><em>praesertim</em></span> <span class='ocrx_word' id='word_1_198' title='bbox 533 3956 710 4015; x_wconf 90' lang='lat' dir='ltr'><em>christianis</em></span> <span class='ocrx_word' id='word_1_199' title='bbox 724 3955 964 4034; x_wconf 87' lang='lat' dir='ltr'><em>deplorandam.</em></span> 
     </span>
    </p>

    <p class='ocr_par' dir='ltr' id='par_1_8' title="bbox 145 4042 1268 4213">
     <span class='ocr_line' id='line_1_27' title="bbox 186 4042 1266 4123; baseline 0.002 -21"><span class='ocrx_word' id='word_1_200' title='bbox 186 4042 233 4102; x_wconf 90' lang='lat' dir='ltr'><em>Mc</em></span> <span class='ocrx_word' id='word_1_201' title='bbox 250 4044 414 4101; x_wconf 88' lang='lat' dir='ltr'><em>miserum!</em></span> <span class='ocrx_word' id='word_1_202' title='bbox 432 4045 499 4102; x_wconf 91' lang='lat' dir='ltr'><em>Non</em></span> <span class='ocrx_word' id='word_1_203' title='bbox 513 4064 639 4123; x_wconf 90' lang='lat' dir='ltr'><em>possum</em></span> <span class='ocrx_word' id='word_1_204' title='bbox 656 4044 716 4104; x_wconf 90' lang='lat' dir='ltr'><em>hoc</em></span> <span class='ocrx_word' id='word_1_205' title='bbox 734 4043 800 4103; x_wconf 90' lang='lat' dir='ltr'><em>sine</em></span> <span class='ocrx_word' id='word_1_206' title='bbox 818 4045 956 4104; x_wconf 84' lang='lat' dir='ltr'><em>maximo</em></span> <span class='ocrx_word' id='word_1_207' title='bbox 978 4043 1085 4104; x_wconf 90' lang='lat' dir='ltr'><em>dolore</em></span> <span class='ocrx_word' id='word_1_208' title='bbox 1106 4045 1266 4106; x_wconf 89' lang='lat' dir='ltr'><em>scribere:</em></span> 
     </span>
     <span class='ocr_line' id='line_1_28' title="bbox 145 4129 1268 4213; baseline 0.005 -24"><span class='ocrx_word' id='word_1_209' title='bbox 145 4129 225 4189; x_wconf 87' lang='lat' dir='ltr'><em>Urbs</em></span> <span class='ocrx_word' id='word_1_210' title='bbox 239 4151 309 4208; x_wconf 73' lang='lat' dir='ltr'><em>quie</em></span> <span class='ocrx_word' id='word_1_211' title='bbox 327 4130 421 4190; x_wconf 91' lang='lat' dir='ltr'><em>modo</em></span> <span class='ocrx_word' id='word_1_212' title='bbox 438 4131 492 4190; x_wconf 88' lang='lat' dir='ltr'><em>tali</em></span> <span class='ocrx_word' id='word_1_213' title='bbox 512 4134 713 4213; x_wconf 89' lang='lat' dir='ltr'><em>imperatore,</em></span> <span class='ocrx_word' id='word_1_214' title='bbox 731 4136 778 4191; x_wconf 91' lang='lat' dir='ltr'><em>tot</em></span> <span class='ocrx_word' id='word_1_215' title='bbox 797 4132 1014 4193; x_wconf 89' lang='lat' dir='ltr'><em>illustrissimis</em></span> <span class='ocrx_word' id='word_1_216' title='bbox 1033 4132 1120 4208; x_wconf 88' lang='lat' dir='ltr'><em>viris,</em></span> <span class='ocrx_word' id='word_1_217' title='bbox 1137 4139 1186 4195; x_wconf 89' lang='lat' dir='ltr'><em>tot</em></span> <span class='ocrx_word' id='word_1_218' title='bbox 1207 4135 1268 4194; x_wconf 91' lang='lat' dir='ltr'><em>cla·</em></span> 
     </span>
    </p>
   </div>
   <div class='ocr_carea' id='block_1_6' title="bbox 144 4220 1268 4306">
    <p class='ocr_par' dir='ltr' id='par_1_9' title="bbox 144 4220 1268 4306">
     <span class='ocr_line' id='line_1_29' title="bbox 144 4220 1268 4306; baseline 0.007 -27"><span class='ocrx_word' id='word_1_219' title='bbox 144 4220 273 4282; x_wconf 89' lang='lat' dir='ltr'><em>rissimis</em></span> <span class='ocrx_word' id='word_1_220' title='bbox 293 4222 579 4304; x_wconf 82' lang='lat' dir='ltr'><em>antiquissimisque</em></span> <span class='ocrx_word' id='word_1_221' title='bbox 607 4224 744 4301; x_wconf 81' lang='lat' dir='ltr'><em>larn&#39;diis,</em></span> <span class='ocrx_word' id='word_1_222' title='bbox 768 4229 856 4287; x_wconf 77' lang='lat' dir='ltr'><em>tauta</em></span> <span class='ocrx_word' id='word_1_223' title='bbox 879 4244 982 4286; x_wconf 88' lang='lat' dir='ltr'><em>rerum</em></span> <span class='ocrx_word' id='word_1_224' title='bbox 1008 4227 1100 4306; x_wconf 77' lang='lat' dir='ltr'><em>copia</em></span> <span class='ocrx_word' id='word_1_225' title='bbox 1125 4227 1268 4299; x_wconf 89' lang='lat' dir='ltr'><em>ssorcbat,</em></span> 
     </span>
    </p>
   </div>
   <div class='ocr_carea' id='block_1_7' title="bbox 0 0 1435 4860">
    <p class='ocr_par' dir='ltr' id='par_1_10' title="bbox 0 0 1435 4860">
     <span class='ocr_line' id='line_1_30' title="bbox 0 0 1435 4860; baseline 0 0"><span class='ocrx_word' id='word_1_226' title='bbox 0 0 1435 4860; x_wconf 95' lang='lat' dir='ltr'><em> </em></span> 
     </span>
    </p>
   </div>
  </div>
 </body>
</html>
