2850 4860
143 305 203 364 456
603 310 809 362 aeeunulcsss

143 436 300 517 princeps,
317 437 348 491 et
362 428 476 509 quihus
490 447 616 507 possum
636 430 780 508 precibus
799 449 888 510 rogo,
903 431 1059 505 obtestor,
1078 432 1228 504 obsecro,
1240 438 1269 492 ut

144 521 326 601 compositis
346 518 516 598 aliquando
532 517 629 578 Italia>
648 519 753 589 relius,
768 520 891 599 sineque
907 520 1010 594 hellis,
1026 521 1163 599 quibus,
1181 521 1271 582 chris·

145 613 222 673 tiani
243 608 410 689 principes,
429 607 561 666 invicem
582 607 708 680 seritis,
726 608 885 687 imposito,
903 609 942 668 ad
962 609 1092 688 majora
1110 617 1269 671 convertas

143 694 1266 778 oeulosnegantemquecircachristianorumfinesiurihundumhosten

144 796 174 850 et
189 793 302 850 cuncta
312 785 493 846 immaniter
509 791 758 863 prosternentem
770 787 913 866 aspicias.

184 875 274 936 Unde
294 879 386 952 putas
402 891 473 932 cum
491 872 521 931 in
540 879 661 931 tantam
676 873 875 935 insolentiam
898 875 1107 954 prorupisse?
1123 877 1265 937 nimirum

145 966 220 1045 quia
248 962 406 1023 noscerint
433 960 619 1020 christianos
648 960 804 1040 principes
833 962 965 1023 invicem
995 963 1083 1023 hello
1115 972 1266 1043 gerentes,

146 1072 257 1113 manus
280 1057 401 1110 nostras
425 1054 604 1109 nostrorum
628 1051 780 1127 sanguine
804 1051 989 1122 maculatas,
1010 1071 1105 1113 arma
1129 1054 1268 1113 christia·

145 1160 258 1202 norum
274 1158 384 1199 cruore
405 1137 533 1198 studete.
550 1140 622 1197 llaec
645 1138 731 1198 illurn
759 1139 910 1200 audacem
935 1141 1075 1213 iaciunt;
1099 1141 1155 1202 his
1179 1144 1267 1202 fretus

147 1229 337 1308 praecipuam
355 1227 480 1287 Graeciaev
496 1226 654 1286 civitatem
671 1246 771 1305 nuper
784 1246 959 1306 aggressus,
972 1231 1187 1307 expugnavit,
1199 1231 1267 1290 diri-

147 1317 225 1397 puit,
240 1316 383 1393 extinxit.
394 1314 483 1387 Quod
498 1315 535 1388 si,
547 1334 615 1388 nos,
628 1321 661 1375 ut
674 1315 861 1377 christianos
876 1317 1033 1395 principes
1050 1317 1158 1393 decet,
1172 1321 1266 1398 posito

94 1427 102 1441 ·
146 1405 253 1466 hostili
271 1405 376 1465 animo
397 1403 565 1464 concordes
587 1410 681 1483 atque
700 1405 864 1466 unanimes
884 1405 1087 1485 intelligeret,
1109 1409 1154 1467 ad
1174 1410 1266 1470 chris·

147 1492 240 1553 tianae
269 1491 427 1570 religionis
456 1490 733 1570 amplificationem
761 1492 936 1571 insurgere,
962 1492 1042 1552 mihi
1071 1496 1185 1568 crede,
1211 1517 1265 1557 uon

148 1580 241 1640 modo
261 1580 370 1640 alienis
390 1579 570 1654 abstineret,
585 1580 638 1640 sed
654 1581 723 1642 loco
741 1581 868 1641 maximi
884 1582 1022 1641 muueris
1038 1581 1175 1645 duceret
1189 1586 1264 1645 intra

148 1669 224 1729 fines
239 1687 311 1727 suos
325 1687 415 1746 posse
431 1669 609 1730 consistere.
624 1670 679 1729 Eia
693 1670 798 1749 igitur,
812 1670 956 1749 princeps
970 1670 1103 1750 inclyte,
1115 1676 1266 1753 expergis

149 1776 228 1828 cere,
243 1758 458 1836 expergiscere
472 1758 656 1837 aliqnando,
673 1765 704 1818 et
720 1759 864 1820 extinctis
880 1758 1129 1821 christianorum
1147 1763 1224 1822 inter
1235 1782 1264 1822 se

150 1845 239 1918 odiis,
260 1845 345 1925 quod
367 1846 435 1920 tihi,
451 1847 546 1924 quiet
561 1850 747 1909 auctoritate
767 1848 937 1927 plurimum
953 1852 984 1907 ct
998 1848 1160 1926 sapientia
1175 1851 1263 1930 polles

149 1934 332 1995 facillimum
346 1935 416 2013 erit,
427 1942 556 2014 pacatos
567 1956 602 1997 ac
618 1937 803 2017 tranquillos
818 1936 940 1997 animos
954 1935 1067 2011 indue;
1080 1945 1113 1998 et
1124 1945 1159 1999 ul
1169 1945 1262 1999 tecum

150 2043 223 2099 una,
240 2024 279 2084 ad
300 2024 509 2085 ulciscendum
536 2025 742 2085 barbarorum
768 2024 934 2103 injuriam,
956 2023 996 2084 ad
1018 2025 1264 2105 extinguendum

150 2113 327 2174 christianae
344 2113 417 2174 fidei
431 2112 565 2186 hostem,
582 2114 622 2174 ad
637 2132 707 2174 cam
722 2113 881 2174 civitatem
896 2132 967 2192 quae
983 2113 1057 2173 olim
1075 2122 1190 2176 vestrm
1211 2116 1265 2175 rei-

150 2203 282 2280 publicae
297 2204 365 2276 luit,
379 2222 524 2282 quaeque,
542 2204 657 2283 adepta
669 2204 810 2277 victoria,
824 2205 929 2264 lutura
943 2208 1000 2275 est,
1014 2209 1190 2284 antequam
1203 2206 1267 2264 har-

150 2290 218 2350 bari
238 2291 332 2352 etiam
352 2292 588 2369 Pellcponesum
606 2293 669 2374 (sle)
685 2298 849 2371 occupent,
866 2291 1130 2369 recuperandam,
1148 2293 1266 2354 incum-

150 2380 238 2451 bant,
260 2381 397 2451 hortare,
414 2398 560 2458 provoca,
578 2381 678 2442 allice.
701 2381 748 2440 Nil
768 2380 829 2441 hoc
852 2380 958 2441 utilius
977 2380 1114 2458 imperio
1137 2388 1204 2455 tuo,
1227 2382 1265 2440 nil

150 2468 248 2528 ltalia
269 2475 299 2528 et
320 2468 470 2528 universae
492 2469 732 2531 christianorum
757 2469 936 2548 reipublicae
959 2469 1171 2546 commodius,
1193 2470 1265 2529 nihil

151 2557 322 2618 immortali
331 2560 394 2617 Deo
405 2557 574 2635 acceptius,
584 2558 660 2618 nihil
678 2558 796 2618 nomini
811 2565 866 2618 tuo
876 2557 1042 2636 gloriosius
1053 2559 1158 2619 iacere
1170 2566 1264 2638 potes.

152 2647 220 2717 Qua
237 2646 269 2705 in
287 2665 330 2720 rc,
345 2646 370 2706 si
385 2646 460 2723 quid
476 2646 662 2725 parvitatem
683 2665 785 2706 meam
807 2666 896 2725 posse
920 2653 976 2707 tua
993 2647 1155 2709 Celsitudo
1177 2648 1266 2708 intel-

152 2734 273 2809 lexerit,
289 2735 337 2795 vel
352 2735 382 2794 in
400 2735 550 2795 leniendis
565 2741 743 2795 nostrorum
765 2736 887 2809 animis
904 2736 953 2795 vel
973 2736 1002 2794 in
1024 2735 1074 2794 his
1093 2739 1134 2797 ad
1154 2738 1265 2798 bellum

152 2823 293 2884 barbaris
312 2824 507 2884 inserendum
528 2824 744 2898 adhortandis
760 2824 880 2884 nullum
900 2824 1264 2899 lahorem,curn1n,sol-

151 2912 344 2973 licitudinem
364 2913 526 2973 recusabo.
543 2914 635 2983 Bene,
653 2912 756 2973 valeat
774 2913 983 2973 illustrissima
1000 2914 1179 2975 Dominatio
1200 2922 1260 2971 tua.

189 3002 235 3060 Ex
250 3002 390 3061 Bononia
404 3002 471 3061 Xlll
482 3002 554 3080 julii
569 3004 654 3062 1453.

190 3089 312 3149 Burrus
328 3107 502 3150 cannrnnns
518 3092 715 3151 Tuscumnus
731 3090 872 3150 Bouourn
887 3105 1032 3151 suenrus

191 3184 383 3263 Subscriptio
399 3204 406 3247 ε
426 3211 440 3242 «
452 3188 663 3248 lllustrissimo
674 3196 705 3248 ot
715 3187 972 3248 excellentissimo
990 3189 1128 3269 principi
1142 3190 1264 3251 domino

152 3272 314 3333 Francisco
330 3276 453 3333 Foscari
468 3275 584 3353 inclyto
600 3276 669 3336 duci
685 3277 896 3337 Venetiarurn.
915 3300 930 3331 »
