2850 4860
545 362 751 413 APPENDICES
1145 349 1205 410 455

86 485 180 549 totius
209 485 334 544 Graeciae
359 489 464 562 caput,
487 483 636 561 splendor
664 488 695 543 et
723 483 817 543 decus
842 481 981 554 orientis,
1005 483 1204 560 gymnasium

86 577 278 654 optimarum
302 573 416 633 artium
437 573 592 633 bonorum
613 573 755 633 omnium
777 571 1008 649 receptaculum
1029 572 1068 631 ab
1088 572 1204 634 imma·

85 664 220 724 nissimis
234 663 376 722 barbaris
386 668 418 722 et
428 662 606 721 saevissimis
619 661 796 722 christianas
814 660 886 719 fidei
901 659 1054 733 hostibus
1069 679 1088 720 a
1103 667 1206 722 trucu-

83 751 262 814 lentissimis
289 751 361 809 feris
383 757 487 828 capta,
509 750 654 829 spoliata,
674 749 806 828 direpta,
830 747 982 808 exhausta
997 755 1053 808 cst.
1075 749 1206 811 Publica

83 841 217 921 pecunia
228 839 413 917 dilapidata,
426 839 556 917 privatae
566 856 641 916 opes
650 839 807 911 extinctae,
818 837 948 915 Templa
959 856 1047 910 auro,
1061 845 1203 916 argento,

84 928 228 1006 gemmis,
251 926 390 1004 reliquiis
412 932 592 985 sanctorum
617 926 742 1004 aliaque
765 926 990 1004 pretiosissima
1014 926 1204 1005 supellectile

83 1016 217 1087 nudata;
247 1015 312 1076 Viri
344 1015 443 1075 instar
478 1015 635 1093 pecudum
675 1015 839 1088 trucidati;
867 1015 1010 1075 abductoe
1041 1015 1202 1089 mulieres;

82 1112 181 1184 rapta
205 1104 340 1182 virgines
369 1120 376 1164 :
402 1104 540 1163 Infantes
560 1122 576 1163 c
599 1110 764 1181 parentum
788 1104 1003 1182 complexibus
1023 1104 1148 1164 sublati.
1171 1104 1205 1165 Si

83 1195 189 1273 quiex
209 1195 298 1253 tanta
316 1192 404 1252 clade
424 1194 656 1270 superfuerunt,
674 1192 721 1251 rel
737 1193 769 1251 in
784 1192 916 1252 vinculis
937 1198 969 1252 ut
988 1211 1048 1252 aare
1068 1193 1203 1253 redime-

82 1289 191 1343 rentur
204 1282 329 1355 servati,
344 1282 394 1341 vel
409 1282 496 1341 omni
513 1299 627 1360 genere
647 1281 803 1341 cruciatus
823 1281 938 1352 allecti,
959 1283 1007 1341 vel
1027 1281 1067 1340 ad
1085 1282 1202 1360 turpis-

82 1373 193 1431 simam
210 1371 392 1431 servitutem
408 1370 544 1443 reducti;
555 1372 630 1431 fana
640 1376 734 1449 atque
748 1369 879 1430 delubra
888 1376 1067 1430 sanctorum
1081 1371 1120 1448 (lb
1132 1371 1201 1446 159)

82 1460 267 1536 maledictis,
284 1460 478 1536 verberibus,
498 1477 608 1520 cruore
632 1466 663 1519 et
686 1459 773 1518 omni
792 1458 983 1536 flagitiorum
1008 1477 1122 1536 genere
1144 1461 1158 1519 f
1188 1494 1202 1504 -

82 1549 166 1610 data.
179 1551 288 1610 Castra
301 1550 333 1608 in
348 1549 473 1627 templis
487 1549 553 1622 Dei,
565 1567 654 1608 sacra
669 1548 700 1607 in
716 1548 825 1608 castris
840 1547 959 1607 habita.
974 1549 997 1608 0
1014 1547 1202 1622 miseram,0

80 1638 236 1697 infelicem
252 1644 283 1697 et
297 1637 329 1696 in
343 1637 431 1697 brevi
447 1643 511 1696 tam
532 1637 665 1697 celerem
684 1642 714 1697 et
733 1636 853 1696 variam
874 1636 1008 1696 civitatis
1025 1642 1201 1696 commuta-

80 1727 214 1786 tioneml
232 1726 306 1797 Ouis
322 1744 392 1786 cum
409 1725 477 1786 haec
493 1726 603 1804 legerit
617 1726 748 1786 istarum
762 1744 867 1786 rerum
882 1725 1011 1803 ignarus
1028 1728 1121 1799 facta,
1138 1744 1202 1786 non

80 1815 154 1875 ficta
168 1833 235 1874 esse
250 1814 426 1874 crediderit.

119 1904 180 1964 Sed
209 1903 283 1963 nolo
312 1902 507 1963 calamitates
535 1901 646 1981 patriae
673 1902 758 1981 apud
788 1909 819 1962 te
847 1902 1023 1979 deplorare,
1054 1903 1104 1962 cni
1133 1902 1201 1964 baec

79 1992 211 2053 fortasse
238 1991 361 2050 notiora
385 1995 457 2049 sunt
482 2008 577 2068 quam
600 1988 757 2066 mihiipsi
782 1994 813 2049 et
836 1990 1008 2067 praesertim
1032 2008 1071 2048 ne
1092 1989 1201 2050 videar

79 2081 225 2140 refricare
250 2078 363 2137 vulnus
386 2082 475 2136 tuum
496 2095 503 2137 :
525 2095 618 2156 quem
640 2078 705 2136 fata
723 2076 889 2136 voluerunt
908 2076 1104 2136 miseriarum
1127 2096 1200 2137 nos·

79 2176 199 2228 trarum
215 2186 281 2227 esse
296 2166 492 2245 participem,
510 2166 623 2225 clausis
638 2166 721 2225 inea
736 2166 812 2224 urbe
828 2170 875 2224 tot
890 2165 1009 2224 civibus
1028 2165 1152 2224 Venetis
1170 2173 1200 2225 et

78 2257 281 2318 nobilissimis
300 2255 492 2329 bominibus,
514 2261 561 2315 tot
580 2255 704 2333 patricii
725 2253 854 2326 ordinis,
876 2253 975 2314 viris:
1001 2253 1056 2333 qui
1079 2253 1198 2313 utinam

78 2347 240 2407 meliorem
259 2364 355 2425 quam
374 2345 472 2405 nostri
492 2345 652 2405 fortunam
668 2343 800 2422 experti,
817 2342 990 2403 incolumes
1011 2341 1149 2420 aliquam
1167 2342 1199 2402 in

78 2434 212 2512 patriam
243 2439 450 2493 revertantur.
475 2433 565 2493 Certo
593 2432 766 2492 verendum
791 2437 837 2491 est
866 2449 904 2490 ne
927 2429 1037 2490 eadem
1061 2429 1199 2506 procella

77 2524 181 2582 vexati
196 2523 313 2601 pariter
327 2522 487 2600 perierint.

117 2610 193 2670 Mihi
208 2630 282 2671 vero
300 2610 374 2670 data
393 2617 438 2669 est
459 2610 602 2682 facultas,
624 2608 721 2668 libere
741 2608 931 2688 implorandi
951 2607 1116 2680 auxilium,
1135 2626 1197 2667 non

77 2717 134 2778 pro
153 2701 275 2778 patriae,
292 2719 355 2759 non
376 2719 432 2777 pro
451 2699 584 2759 civitatis
604 2717 681 2758 mem
701 2699 813 2770 salute,
832 2699 885 2758 sed
905 2716 963 2776 pro
983 2697 1080 2758 tutela
1098 2697 1195 2771 omni,

76 2807 133 2866 pro
166 2788 409 2847 christianorum
442 2787 572 2847 bonore.
605 2790 671 2859 Ouo
700 2787 731 2845 in
766 2788 834 2847 loco
864 2786 1005 2864 pluribus
1039 2803 1196 2865 exponere

75 2881 230 2954 poteram,
247 2882 400 2954 quantum
422 2876 549 2953 periculi
568 2877 731 2936 immineat
751 2875 866 2935 ltalicis
887 2875 990 2946 rebus,
1008 2892 1046 2934 ne
1065 2875 1102 2934 de
1123 2874 1198 2934 reli·

76 2965 145 3042 quis
159 2964 274 3037 dicam,
291 2964 350 3024 nisi
367 2963 621 3023 truculentissimi
637 2965 764 3024 barbari
779 2965 916 3043 impetus
933 2964 1194 3041 comprimantur.

74 3054 189 3113 Verum
216 3072 316 3133 neque
342 3072 391 3112 mc
413 3052 488 3112 latet
508 3071 560 3112 eas
579 3054 716 3113 rationes
736 3054 859 3113 senatui
878 3058 982 3112 vestro
1003 3071 1097 3130 quam
1119 3050 1195 3111 mihi

74 3159 138 3201 csse
159 3143 305 3203 notiores.
327 3143 365 3201 Et
385 3140 425 3201 ad
444 3142 538 3200 finem
560 3142 686 3201 festinat
709 3143 866 3221 epistola:
884 3142 943 3201 hoc
968 3160 1066 3202 unum
1090 3141 1194 3201 brevi·

75 3233 122 3289 ter
136 3229 248 3289 dicam.
264 3230 287 3288 E
303 3229 425 3290 duobus
441 3229 574 3288 alterum
591 3230 801 3289 necessarium
816 3230 882 3290 fore
900 3246 907 3289 :
924 3230 972 3288 vel
989 3235 1023 3289 ut
1036 3227 1194 3288 Celsitudo

75 3323 129 3377 tua
144 3337 206 3376 una
224 3336 294 3376 cum
315 3318 435 3378 caeteris
455 3317 634 3377 christianis
654 3319 847 3396 principibus
866 3319 1015 3389 furorem,
1033 3336 1071 3377 ne
1092 3317 1194 3376 dicam

75 3406 194 3465 rabiem
208 3405 345 3478 barbari,
359 3408 390 3466 in
403 3407 485 3466 bisce
498 3406 605 3477 initiis,
621 3408 808 3484 comprimat
818 3411 912 3486 atque
926 3406 1113 3483 confringat,
1132 3423 1193 3463 non

75 3495 174 3554 solum
196 3513 227 3554 se
247 3513 364 3572 suaque
385 3497 512 3568 tuendo,
535 3515 643 3556 verum
665 3497 759 3556 etiam
780 3496 967 3556 offendendo
986 3494 1123 3564 bostem,
1144 3491 1192 3550 vel

75 3589 108 3643 ut
132 3584 182 3643 ille
207 3602 279 3642 mox
295 3583 415 3662 reliqua
434 3586 563 3655 Graecia,
581 3605 651 3663 quae
674 3605 754 3644 nunc
774 3584 905 3663 imperio
927 3589 1032 3642 nostro
1052 3579 1193 3655 subjecta

74 3678 131 3742 est,
149 3672 320 3748 insulisque
334 3672 479 3732 omnibus
496 3676 621 3746 nostris,
640 3679 791 3752 praetcrea
806 3674 899 3732 etiam
915 3669 1077 3730 Pannonia
1097 3674 1192 3746 atque

73 3760 179 3839 Illyrio
197 3760 324 3838 potitus,
335 3759 459 3820 Italicas
474 3780 600 3840 quoque
616 3762 710 3822 resin
726 3761 898 3820 maximum
914 3757 1080 3817 discrimen
1096 3755 1193 3815 addu-

74 3855 134 3908 cat.
159 3885 198 3892 —
220 3849 412 3908 Deventuros
435 3855 540 3909 autem
563 3850 603 3909 ad
628 3848 687 3909 hoc
713 3868 808 3928 quam
834 3847 980 3906 facillime
1006 3844 1193 3904 christianos

73 3938 241 4016 principes,
263 3956 333 3997 cum
354 3937 431 3996 tales
451 3955 552 3998 causae
574 3939 646 4008 sint,
668 3944 732 3997 tarn
757 3936 877 3996 acerbae
901 3941 964 3993 lam
987 3952 1107 4013 graves,
1127 3939 1191 3993 tam

72 4046 173 4098 noum,
185 4046 255 4086 cum
271 4026 308 4085 de
324 4026 486 4085 communi
496 4027 606 4099 salute,
620 4026 657 4086 de
671 4025 841 4086 christiana
853 4024 1011 4101 religione,
1025 4022 1063 4083 de
1075 4022 1189 4082 Christi

72 4116 172 4195 gloria
197 4121 319 4194 agatur,
342 4133 432 4175 nemo
451 4121 496 4175 cst
517 4117 571 4196 qui
596 4135 659 4176 non
682 4120 800 4194 speret,
818 4115 1002 4193 praesertim,
1025 4132 1043 4173 a
1062 4112 1191 4173 Gelsitu·

72 4205 144 4264 dine
178 4205 231 4263 tua
261 4210 425 4284 vestroque
445 4210 567 4278 senatu,
584 4205 673 4284 cujus
700 4203 870 4265 auctoritas
902 4203 1095 4282 amplissima
1127 4214 1186 4272 est,

70 4293 229 4353 invitatos.
252 4329 289 4337 —
314 4295 511 4373 Quapropter
533 4298 562 4354 te
594 4295 714 4367 hortor,
736 4293 852 4372 inclyte
870 4298 964 4371 atque
982 4290 1188 4350 illustrissime
