2850 4860
143 340 203 399 ἱῦθ
610 342 818 394 ieeexnlces

141 471 277 531 dissecto
289 467 350 528 hoe
364 463 561 544 corpusculo,
577 461 663 542 quod
677 463 818 541 prolecto
829 482 887 542 pm
900 463 957 523 Dei
966 463 1170 524 Immortalis
1183 465 1264 526 laude

143 560 246 620 bacin
263 576 296 617 re
311 575 374 616 non
386 553 607 627 recusaverim,
621 571 685 611 uno
703 558 863 612 momento
878 552 963 631 apud
981 555 1060 632 lteg.
1077 554 1265 615 christiani:-

143 649 259 709 simum
283 644 437 705 illustriss,
460 662 521 721 que
544 642 656 701 ducem
678 641 866 719 burgundiae
890 646 921 702 et
944 641 1182 703 Excellentiam
1204 663 1263 704 res·

144 743 238 807 tram,
254 753 347 813 agere
361 751 484 813 possem
500 750 570 810 quae
589 730 693 808 cogito
714 736 745 789 et
765 729 843 789 mihi
859 730 1009 792 mandata
1026 734 1120 792 sunt!
1140 734 1220 793 Sunt
1234 735 1263 792 N.

143 825 251 884 omnia
264 822 424 883 communi
439 819 574 879 libertati
589 838 626 877 ac
644 819 736 877 saluti
753 820 932 897 praesidium
952 827 982 879 et
996 819 1194 899 dignitatem
1210 840 1264 881 am-

144 913 317 993 plissimam
333 910 477 969 allatura.
496 911 624 967 llecreat
644 913 751 966 autem
767 926 817 967 me
832 926 1023 987 magnopere
1041 910 1205 987 sapientia
1218 916 1264 969 tua

144 1009 175 1062 et
191 1002 290 1080 pietas
303 999 392 1078 cujus
407 998 545 1069 nomine,
559 1003 590 1055 ut
605 996 823 1057 ornatissimus
837 1016 880 1067 es,
896 998 1022 1058 conlido
1038 1000 1077 1057 N.
1095 999 1264 1077 plurimum

143 1096 175 1150 te
196 1091 266 1148 mezi
280 1086 497 1147 cohortatione
513 1092 544 1144 ct
558 1084 716 1163 precibus,
731 1087 879 1163 repressis
894 1086 1000 1159 armis,
1016 1095 1263 1165 prorogaturnrn

144 1177 287 1237 inducias
310 1176 395 1248 istas,
410 1174 515 1253 quoad
540 1172 641 1233 isthuc
664 1190 847 1251 pervenero,
863 1193 902 1233 ne
917 1175 1045 1243 trustra,
1063 1180 1187 1254 magna
1201 1195 1264 1236 cor-

144 1265 230 1345 poris
240 1262 443 1324 infirmissimi
455 1262 690 1339 defatigatione,
702 1267 824 1322 tantum
835 1262 953 1321 itineris
961 1262 1140 1323 coniecisse
1152 1265 1263 1324 videar.

144 1353 180 1412 ld
195 1360 300 1413 autern
312 1359 346 1412 ut
361 1351 490 1423 cilicias,
506 1369 595 1428 rogo,
612 1347 733 1413 hortor.
753 1351 839 1410 omni
854 1350 950 1410 animi
969 1350 1076 1411 studio
1096 1353 1262 1413 contendo.

145 1440 221 1501 Cras
239 1440 385 1519 cymbam
411 1439 579 1517 ingressus
590 1436 727 1496 secundo
747 1438 875 1497 llumine
889 1437 929 1497 ad
954 1439 1073 1516 Regem
1097 1441 1263 1519 navigabo,

145 1548 239 1608 quem
266 1547 338 1589 cum
365 1529 454 1587 fuero
480 1525 652 1599 allocutus,
678 1525 772 1586 adibo
801 1526 956 1586 illustriss.
983 1527 1019 1585 D.
1046 1528 1164 1588 Tuam.
1192 1530 1261 1589 Eam

144 1623 249 1678 autem
273 1624 305 1677 ut
322 1615 518 1676 commodius
532 1614 619 1674 adire
634 1616 761 1692 possim,
778 1634 855 1692 rogo
874 1615 914 1674 ad
933 1615 1043 1675 urbem
1065 1635 1159 1677 suam
1184 1620 1262 1677 Nan-

144 1713 302 1766 netensem
318 1723 351 1764 se
366 1705 519 1774 conferat,
538 1721 576 1762 ne
592 1703 728 1762 terrestri
745 1704 866 1776 itinere,
881 1703 959 1762 mini
973 1709 1004 1764 et
1019 1706 1101 1771 seni.
1121 1713 1156 1767 et
1170 1708 1262 1768 fracto

144 1794 239 1855 tantis
253 1793 414 1853 laboribus
428 1791 534 1871 aliquo
551 1808 721 1869 pernegare
744 1810 868 1852 necesse
886 1793 925 1851 sit
937 1811 945 1863 ;
960 1811 1053 1870 spero
1065 1794 1259 1867 ellecturum,

144 1889 178 1943 ut
194 1884 258 1943 llex
275 1900 400 1961 quoque
417 1880 448 1939 in
467 1878 648 1959 proximum
665 1879 802 1959 aliquem
821 1880 924 1941 locum
944 1880 1105 1955 deveniat,
1126 1884 1180 1943 ubi
1193 1903 1258 1962 quir

144 1971 185 2032 ad
200 1990 367 2032 commune
381 1972 475 2029 decus
493 1974 524 2029 et
541 1968 680 2047 quietem
697 1969 833 2030 maxime
849 1969 1016 2048 pertinent,
1040 1971 1168 2032 facilius
1182 1973 1258 2033 cele-

145 2061 270 2141 riusque
289 2059 442 2139 disputari
466 2063 497 2118 et
510 2056 629 2117 absolvi
651 2063 809 2135 poterunt.
830 2058 970 2118 Praemisi
992 2058 1160 2120 dominum
1177 2063 1261 2140 Epis·

145 2169 216 2230 cop.
233 2151 435 2211 Parentinurn
451 2146 506 2226 qui
521 2145 588 2205 hac
604 2147 730 2224 rogabit
756 2149 833 2209 meis
848 2147 952 2208 verbis
970 2155 1001 2208 et
1021 2150 1168 2210 narrabit
1187 2171 1262 2210 non·

144 2240 231 2300 nulla
248 2259 366 2301 coram.
395 2239 456 2298 Oro
479 2234 600 2294 homini
622 2234 774 2297 adhibeas
794 2238 900 2297 fidem.
921 2238 990 2296 llea
1013 2239 1049 2296 N.
1078 2247 1172 2311 sunt,
1195 2260 1260 2319 qua

145 2334 300 2408 proponet
314 2333 345 2388 et
359 2328 515 2406 loquetur.
530 2323 612 2382 Beue
629 2324 733 2384 valeat
747 2326 931 2387 excellentia
945 2327 980 2386 l'.

184 2419 229 2478 Ex
245 2419 378 2478 Samuro
393 2414 442 2475 die
456 2415 493 2473 15
505 2411 636 2489 Augusti
653 2415 741 2476 1472.
