2850 4860
201 324 259 383 252
303 336 450 388 aaronis
473 337 514 387 BE
537 337 719 389 aussauloh
743 340 784 389 EN
808 339 941 390 lavana
964 339 1004 389 ult
1026 338 1066 388 La
1091 336 1254 389 cu01saua

203 457 311 517 ecrivit
330 460 348 516 a
367 456 420 516 Pie
439 455 465 515 ll
487 474 547 516 une
569 455 658 517 lettre
677 458 897 538 remarqusble
918 476 998 536 pour
1018 457 1063 517 lui
1087 456 1262 517 demander
1288 475 1325 517 ss

203 554 401 614 benediction
430 559 460 614 et
487 553 609 614 obtenir
635 555 673 615 de
703 554 747 616 lui
771 555 847 634 qu’il
871 557 1026 634 respectet
1047 573 1095 615 ses
1119 553 1326 632 dispositione

205 651 463 712 testamentaires.
485 650 565 711 C’est
584 652 615 711 la
633 652 725 713 lettre
745 653 819 713 d’un
837 653 902 713 ami
915 655 935 712 a
949 672 991 712 un
1008 653 1082 725 ami,
1099 652 1173 711 d’un
1190 659 1326 730 croyant

204 748 322 809 sincere
342 752 361 808 a
381 767 437 808 son
457 751 530 827 pere
549 767 588 809 en
608 749 751 828 religion,
775 750 849 811 d'un
869 755 1016 810 mourant
1036 753 1054 810 a
1074 767 1129 810 son
1152 753 1327 809 executeur

204 846 448 907 testamentaire.
475 845 539 905 Elle
563 852 610 906 est
634 848 728 909 ecrite
753 848 831 908 dans
853 868 895 908 un
921 847 999 927 style
1023 846 1134 926 simple
1156 851 1186 906 et
1210 847 1323 919 ferme,

204 942 326 1004 comme
348 944 369 1003 il
394 943 581 1024 convienta
603 963 644 1004 un
670 944 797 1006 homme
821 946 860 1006 de
882 945 955 1005 bien
974 948 993 1006 a
1015 962 1063 1004 ses
1087 944 1225 1027 derniers
1250 963 1325 1004 mo·

204 1047 307 1102 ments
324 1041 345 1100 ¹.

239 1175 260 1221 l.
281 1172 355 1220 Nous
373 1183 457 1219 avons
476 1170 517 1217 dte
539 1182 611 1218 assez
632 1169 752 1218 heureux
774 1183 844 1233 pour
868 1172 1005 1219 retrouver
1022 1173 1091 1220 cette
1117 1168 1194 1219 lettre
1215 1183 1248 1218 en
1269 1184 1326 1219 ma-

206 1242 308 1294 nuscrit
337 1241 403 1290 dans
430 1254 467 1289 un
488 1240 587 1289 recueil
614 1240 808 1290 extrememant
835 1241 945 1290 curieax
972 1241 1005 1290 de
1028 1239 1054 1289 la
1075 1240 1261 1304 bibliotheque
1290 1242 1326 1292 de

207 1314 375 1373 saint-Mare,
394 1310 500 1360 intitule
521 1325 527 1359 ε
544 1310 666 1374 Epistulae
685 1310 829 1360 lltaatriam
854 1312 968 1360 virorum
988 1310 1090 1372 (classis
1108 1311 1138 1371 X,
1159 1311 1245 1361 codex
1266 1313 1324 1368 lll,

207 1396 237 1435 η·
254 1386 286 1448 5).
307 1385 343 1433 La
360 1382 429 1432 voici
448 1385 509 1431 tout
526 1383 626 1431 entiere
644 1397 650 1430 ε

240 1475 252 1499 a
272 1456 349 1503 Pater
372 1452 534 1510 Beatissimo,
556 1451 675 1500 venienti
700 1451 767 1500 mihi
788 1466 801 1501 e
823 1452 957 1516 legatione
981 1452 1041 1502 met
1058 1453 1087 1501 in
1108 1452 1230 1513 ltaliam,
1257 1453 1327 1502 nihil

207 1525 324 1590 optatius
344 1527 391 1572 aut
406 1522 554 1586 jucundius
573 1522 628 1571 tore
645 1521 798 1582 videbatur,
818 1537 899 1586 quam
919 1523 953 1572 ad
972 1523 1125 1573 Sanctitatis
1141 1524 1242 1573 Vestrae
1259 1538 1324 1586 prae-

205 1597 319 1646 sentiam
340 1594 486 1658 pervenire,
509 1607 640 1656 eamque,
661 1596 691 1642 ut
709 1592 811 1654 debeo,
831 1594 917 1644 colere
937 1597 964 1644 et
982 1595 1112 1644 venerari.
1135 1594 1323 1644 Accelerabam

206 1670 306 1725 atatem,
326 1668 402 1714 tanto
421 1664 524 1725 studio,
543 1678 574 1712 ac
591 1664 720 1728 perpetua
738 1664 840 1713 itineris
859 1665 1045 1726 contentione,
1064 1667 1192 1729 quantam
1212 1665 1324 1712 fortasse

207 1738 260 1788 mei
278 1737 396 1800 corporis
416 1736 596 1797 imbecillitas,
614 1737 741 1786 diuturno
759 1736 853 1785 itinere
875 1751 906 1786 ac
925 1737 999 1785 senio
1018 1736 1165 1786 admodum
1184 1735 1322 1794 confracti,

207 1809 316 1859 sufferre
331 1822 386 1857 nou
401 1811 513 1872 poterat.
528 1807 579 1857 Sed
599 1808 716 1857 confisus
735 1808 849 1857 nimium
869 1823 1003 1872 prosperae
1017 1809 1172 1867 valetudini,
1191 1807 1244 1870 qud
1255 1807 1325 1870 jam-

207 1879 253 1929 diu
274 1879 374 1943 potitus
399 1892 484 1938 eram,
505 1892 599 1927 omnes
620 1878 738 1938 labores,
761 1878 947 1938 difficultates,
968 1879 1105 1928 molestias
1123 1878 1225 1927 itineris
1252 1891 1324 1940 sper-

207 1952 313 2010 nebam,
334 1954 526 2014 proptereaque
546 1949 613 1998 nihil
632 1950 725 2015 scripsi
749 1950 782 1999 ad
802 1951 976 2000 sanctitatem
996 1951 1130 2010 Vestram,
1148 1961 1257 2013 sperans
1278 1961 1321 1995 me

207 2021 362 2086 propediem
382 2020 546 2081 affuturum,
564 2020 772 2084 relaturumque,
791 2035 835 2070 ore
856 2021 976 2085 proprio,
997 2021 1070 2084 qaod
1086 2019 1177 2070 litteris
1197 2017 1320 2067 mandari

206 2094 321 2157 poterat.
342 2093 430 2150 Ortum
449 2095 539 2140 autem
558 2091 640 2140 alium
660 2094 786 2140 eventum
799 2106 841 2140 res
854 2091 996 2141 habuerint
1010 2105 1092 2155 quam
1103 2090 1227 2155 putabam
1242 2102 1323 2151 expe·

207 2163 284 2214 diens
298 2163 385 2212 visum
399 2165 440 2211 est
454 2163 502 2211 has
512 2163 626 2213 scrihere
643 2167 723 2227 atque
740 2163 830 2212 omnia
841 2163 980 2213 Sanctitati
990 2163 1089 2212 Vestroe
1098 2160 1255 2225 significare.

240 2234 383 2293 «Audiuit,
405 2238 434 2282 ut
454 2235 586 2294 existimo,
603 2234 744 2285 Beatitudo
762 2235 863 2295 Vestra,
881 2233 937 2298 jam
957 2233 1079 2297 pluribus
1096 2232 1198 2291 diebus,
1216 2244 1260 2279 me
1278 2230 1325 2279 ad·

207 2305 284 2369 versa¹
303 2304 456 2354 valetudine
474 2303 604 2364 laborare,
624 2304 738 2368 ideoque
757 2306 911 2354 Ravennam
933 2305 1093 2365 substitisse,
1107 2307 1138 2353 ut
1154 2303 1201 2363 ibi,
1214 2303 1322 2366 agrita-

208 2376 270 2426 dine
289 2376 425 2435 liberatus,
445 2390 476 2424 ac
493 2376 618 2425 recreatis
637 2376 747 2436 viribus,
767 2379 826 2424 tum
847 2376 927 2434 meis,
945 2379 1003 2425 tum
1023 2388 1153 2436 meorum,
1172 2377 1268 2438 postea
1288 2374 1323 2423 ad

205 2461 254 2497 vos
273 2446 460 2510 proficiscerer,
476 2446 630 2495 redditurus
646 2447 777 2495 rationem
792 2460 884 2495 eorum
895 2447 993 2510 quaein
1006 2446 1055 2495 hac
1070 2446 1234 2511 protectione
1252 2459 1323 2494 ame

208 2519 316 2569 luerunt
340 2517 533 2567 administrata.
553 2518 693 2579 Quumque
713 2517 829 2580 mejam
858 2532 953 2567 sanum
973 2521 1095 2581 putarem
1124 2517 1202 2568 etde
1229 2518 1323 2566 itinere

208 2589 362 2651 cogitarem,
380 2601 450 2645 ecce,
470 2587 560 2635 nescio
581 2600 635 2650 qao
655 2590 743 2649 pacto,
762 2587 906 2636 iterumad
924 2587 1082 2651 egritudine
1102 2591 1240 2651 correptus
1255 2600 1323 2645 sum,

208 2675 268 2724 qum
297 2659 409 2708 diversis
432 2658 565 2721 variisque
590 2658 713 2707 dolorum
740 2658 910 2720 accidentiis,
930 2659 997 2709 adeo
1014 2674 1058 2708 me
1077 2659 1218 2716 cruciavit,
1241 2660 1271 2706 ut
1298 2657 1325 2704 in

209 2733 353 2782 maximam
377 2732 438 2780 vitae
456 2743 523 2778 meae
544 2729 723 2792 suspicionem
744 2729 941 2793 discrimenque
964 2731 1096 2792 venerim,
1120 2730 1169 2781 etsi
1189 2730 1220 2778 et
1234 2728 1327 2777 videar

209 2803 403 2866 aliquantulum
424 2801 572 2850 alleviatus.
599 2801 656 2850 Nou
677 2801 803 2864 ignorans
827 2804 918 2850 tamen
937 2801 965 2850 ia
986 2802 1037 2850 hoc
1059 2802 1157 2851 saeculo
1176 2800 1242 2850 nihil
1264 2812 1323 2847 esse

208 2878 382 2938 perpetuum,
404 2876 556 2935 certamque
576 2885 605 2920 aa
628 2871 772 2921 stabilitam
791 2871 937 2935 unicuique
955 2876 1087 2934 mortem,
1106 2886 1161 2922 non
1181 2871 1322 2932 indignum

207 2945 324 3009 judicari
347 2945 382 3005 si,
408 2944 535 3007 depositis
555 2943 726 2993 conscientie
744 2943 883 3003 oneribus,
902 2944 1018 2992 animam
1039 2945 1093 2993 Deo
1111 2943 1323 3000 reconciliarem3

210 3017 241 3063 ut
263 3015 285 3062 si
304 3015 376 3064 aliud
399 3014 529 3075 evenerit,
552 3017 578 3063 et
601 3014 629 3062 in
648 3028 691 3063 me
710 3016 806 3063 natura
829 3027 936 3062 cursam
958 3027 1038 3077 quem
1063 3014 1179 3064 debehat
1198 3011 1325 3072 effecerit,

211 3099 269 3135 eam
290 3085 404 3135 Creatori
419 3085 528 3133 reddam
544 3085 672 3133 mundum
689 3088 715 3133 et
729 3085 935 3135 immaculatam.
954 3087 1040 3144 Quam
1056 3100 1122 3146 rem,
1134 3087 1211 3134 Pater
1224 3086 1325 3140 sancte,

211 3159 242 3205 ut
259 3157 338 3204 etiem
359 3156 498 3204 decentius
519 3157 618 3219 possim
636 3155 747 3216 efficere,
764 3156 917 3205 sanctitatis
931 3157 1031 3206 Vestrae
1047 3157 1191 3206 auctoritas
1209 3159 1236 3205 et
1252 3153 1326 3203 beni-

211 3226 299 3289 gnitas
315 3241 370 3275 aon
388 3240 481 3288 parum
504 3227 654 3275 necessaria
673 3230 714 3275 est
732 3241 793 3290 quae
812 3228 917 3276 cunctis
934 3227 1029 3277 Christi
1048 3228 1188 3287 fidelibus,
1209 3229 1241 3275 ut
1259 3223 1325 3281 vult,

210 3296 329 3347 divinam
344 3297 455 3357 gratiam
474 3297 633 3360 impartitur.

244 3389 255 3413 «
271 3369 363 3431 ltaque
378 3381 436 3416 esni
455 3381 530 3429 rogo,
551 3368 662 3417 obsecro
677 3371 704 3416 et
721 3369 848 3429 obtestor,
866 3372 896 3417 ut
914 3371 1083 3432 peccatoram
1099 3381 1220 3417 meorum
1238 3366 1326 3429 plena·

210 3441 277 3491 riam
303 3439 489 3488 remissionom
516 3438 633 3501 elargiri,
655 3452 686 3487 ac
713 3438 916 3502 dispositionem
940 3439 1167 3488 testamentariam
1188 3441 1214 3488 et
1237 3449 1326 3486 rerum

211 3526 331 3561 mearam
351 3509 546 3559 ordinationem
567 3522 646 3572 quam
676 3509 763 3558 fecero
789 3511 945 3560 confirmare
968 3509 1112 3573 dignetur3
1135 3509 1208 3573 quod
1228 3511 1326 3558 iterum

212 3586 291 3646 atque
310 3583 406 3630 itonam
426 3579 547 3643 supplico
568 3583 598 3627 nt
616 3579 727 3627 minime
744 3583 866 3643 negetur.
884 3580 910 3630 Si
929 3593 993 3629 vero
1013 3581 1194 3644 supervixero,
1215 3591 1326 3629 omnem

212 3655 343 3718 praestabo
363 3664 480 3716 operam,
496 3650 625 3709 studium,
640 3648 814 3711 diligentiam,
830 3655 861 3700 ut
876 3650 966 3701 debito
981 3665 1041 3700 meo
1055 3650 1173 3710 satisfiat,
1188 3665 1220 3700 aa
1236 3651 1325 3713 dignae

212 3739 260 3789 pro
271 3728 345 3774 tanto
355 3722 443 3773 olflcio
460 3722 551 3783 gratias
570 3720 725 3789 reddantur.
745 3722 791 3771 Sia
810 3722 887 3771 aliter
903 3722 937 3771 de
954 3736 997 3771 me
1012 3722 1083 3771 Deus
1097 3725 1204 3782 statuet,
1216 3722 1327 3771 accedet

212 3799 239 3846 et
265 3797 315 3845 hoa
340 3795 458 3859 prolecto
483 3792 515 3841 ud
539 3793 683 3841 maximam
709 3792 862 3843 sanctitatis
891 3794 991 3843 l'estrae
1020 3793 1127 3842 laudem
1159 3798 1185 3843 ct
1215 3793 1325 3855 gloriam

209 3867 400 3917 immortalem.
420 3864 531 3914 -Felix
551 3864 585 3913 sit
601 3862 739 3912 Beatitudo
755 3864 847 3913 Vestra
867 3863 910 3912 cui
928 3878 971 3913 me
990 3864 1139 3914 humillime
1154 3864 1327 3916 commendo.

247 3959 259 3983 a
276 3941 409 3988 Ravennae
425 3937 468 3987 die
488 3936 581 3985 ultimo
600 3935 716 3985 octobris
732 3934 916 3985 MCCCCLXll.

894 4044 906 4068 a
921 4022 966 4074 8¹¹⁸
978 3995 1036 4075 Vlgtss

833 4115 845 4139 a
859 4095 971 4145 Humilia
984 4096 1093 4145 servitor
1174 4097 1178 4104 “

681 4187 693 4211 a
710 4168 846 4216 Brasauon
862 4179 1004 4216 cammaris
1019 4168 1143 4217 Nrcsnus.
1162 4187 1174 4211 a

244 4274 278 4336 (11
295 4289 311 4338 y
331 4290 346 4324 a
365 4275 545 4324 evidemmaut
571 4289 623 4325 une
646 4286 736 4324 errear
761 4271 793 4321 de
820 4271 909 4325 date:
932 4273 996 4324 c'est
1017 4274 1074 4324 1161
1099 4274 1162 4338 qu’il
1187 4277 1246 4327 saut
1266 4280 1329 4342 lire,
