2850 4860
555 395 760 449 appenninus
1154 388 1210 449 451

94 516 173 575 siam
196 515 336 594 ritusque
359 513 426 593 ejus
450 520 480 575 et
508 516 704 576 caerimonias
730 516 900 590 celebrant,
926 522 1041 577 sanctae
1062 520 1212 582 Romane

95 603 302 666 reconciliasti
325 603 474 664 ecclesiae.
500 605 545 664 Tu
574 605 726 666 reduxisti
754 608 906 666 Armenes
935 624 993 685 per
1020 611 1122 667 totum
1148 610 1212 672 fere

95 694 203 754 orbem
218 692 348 752 ditiusos
362 709 398 752 ac
413 710 538 771 sparsos
552 709 560 753 t
572 693 785 754 Jacobitarum
803 701 911 774 gentes
925 702 1078 757 venerunt
1092 702 1126 756 ut
1140 697 1215 760 tidei

93 783 258 843 veritatem
280 787 385 859 perte
407 781 589 843 doceantur.
608 784 653 843 Tu
678 790 708 845 et
732 784 874 845 excitasti
898 783 1060 863 Ethiopcs,
1078 804 1213 864 quorum

93 869 331 932 innumerabilis
346 889 493 931 numerus
508 877 566 943 cst,
579 878 673 951 atque
688 871 932 952 inexpugnabile
943 874 1213 952 potentissimum·

95 979 155 1040 que
169 959 347 1038 imperium,
360 964 392 1018 et
402 959 505 1021 adhuc
519 960 642 1040 vigilas,
652 968 687 1022 ut
702 962 742 1022 ad
757 962 851 1022 fidem
867 960 1056 1023 catholicam
1072 981 1125 1023 eos
1143 965 1214 1024 alli·

94 1050 169 1122 cias,
186 1047 329 1127 equibus
344 1048 509 1116 ambobus,
526 1057 680 1129 quantum
697 1051 729 1111 in
744 1056 775 1110 te
790 1055 847 1124 est,
864 1049 924 1109 nisi
938 1049 989 1111 isti
1005 1051 1112 1112 oculos
1127 1052 1214 1113 clau-

94 1136 183 1209 dant,
207 1155 271 1196 non
296 1137 453 1198 modicum
478 1139 614 1199 fructum
643 1139 774 1201 ecclesia
800 1139 856 1198 Dei
885 1145 931 1198 est
960 1137 1120 1200 habitura.
1138 1141 1214 1213 Quis

94 1224 266 1299 enarrabit,
282 1232 338 1287 aut
357 1227 427 1305 quis
449 1227 630 1289 numerabit
648 1230 698 1289 vel
717 1227 827 1288 laudes
846 1232 927 1298 tuas,
943 1227 992 1286 vel
1016 1246 1065 1287 res
1090 1230 1215 1307 gestas?

94 1315 171 1375 Gum
200 1331 275 1393 ergo
305 1314 401 1375 talem
425 1321 456 1376 te
478 1316 592 1394 ipsum,
614 1316 733 1396 Eugcni
757 1322 848 1395 pater
871 1315 1076 1392 sanctissime,
1094 1318 1213 1378 consti-

92 1404 190 1464 tueris
205 1404 259 1482 qui
274 1404 385 1464 merito
400 1411 531 1465 vocatus
549 1407 706 1486 Eugenius
732 1424 779 1480 cs3
798 1423 872 1465 nam
894 1404 1052 1483 Eugenius
1077 1407 1214 1467 nobilem

94 1511 195 1572 graece
209 1492 376 1570 significat,
388 1499 419 1554 et
435 1512 454 1554 a
466 1494 561 1573 stirpe
577 1502 681 1556 ortum
697 1494 861 1575 praeclart,
873 1511 1007 1572 cumque
1016 1491 1215 1573 despectione

94 1582 196 1641 omnis
215 1586 347 1641 terrenae
368 1580 542 1642 nobilitatis
567 1584 764 1644 nobilitatem
788 1581 948 1642 coelestem
976 1582 1017 1641 sis
1042 1590 1213 1657 assecutus,

93 1668 179 1748 quod
194 1688 318 1744 munus,
335 1670 394 1730 nisi
409 1671 496 1750 quod
509 1671 550 1730 ad
572 1689 772 1733 communem
797 1670 899 1750 gregis
923 1670 969 1730 tui
993 1671 1161 1732 utilitatem
1184 1677 1215 1733 et

94 1759 281 1819 catholicam
297 1759 392 1819 fidem
407 1760 564 1839 pertineat
578 1761 635 1821 tibi
650 1762 750 1840 magis
765 1757 955 1820 conveniat?

133 1848 221 1907 Talia
240 1867 314 1909 vcro
327 1847 435 1926 judico
450 1867 516 1909 esse
532 1868 603 1927 quae
618 1850 668 1910 ille
685 1855 791 1909 noster
805 1849 916 1909 beatus
930 1847 1072 1919 Basilius,
1089 1849 1215 1927 spiritus

93 1936 181 2009 tuba,
200 1936 443 1996 instrumentum
468 1938 652 2015 gratiarum,
677 1937 838 2016 sapientie
864 1935 1005 2014 pelagus
1027 1938 1214 2015 cognitionis

92 2025 257 2095 terminus,
274 2042 367 2103 quem
382 2024 485 2085 nescio
501 2043 564 2104 quo
582 2025 707 2085 nomine
722 2024 792 2103 quis
808 2025 902 2102 digne
916 2030 1022 2102 posset
1037 2026 1208 2102 appellare,

93 2113 242 2174 adversus
253 2113 441 2172 Eunomium
453 2113 597 2192 impium,
607 2131 643 2173 ac
654 2113 749 2172 etiam
761 2112 823 2172 alia
834 2112 874 2172 ad
884 2118 1027 2172 sanctum
1045 2113 1209 2191 Amphilo-

92 2201 212 2275 chium,
229 2201 421 2262 lconiensem
444 2201 637 2280 episcopum,
662 2220 724 2262 non
745 2200 863 2279 absque
882 2199 1087 2279 inspiratione
1106 2200 1214 2261 divina

92 2308 151 2369 pro
160 2289 313 2367 unigeniti
321 2307 356 2349 ac
367 2290 494 2368 spiritus
503 2290 603 2350 sancti
613 2289 729 2349 deitate
741 2289 919 2367 conscripta
929 2288 1090 2348 volumina
1102 2286 1211 2362 edidit,

93 2397 164 2457 quae
174 2378 385 2438 Nazianzenus
399 2379 450 2439 ille
461 2378 890 2459 magnusGregoriusmerito
902 2376 967 2456 igni
982 2378 1212 2455 comparutSo-

93 2466 254 2527 domitico.
266 2504 305 2511 —
316 2470 406 2539 Nam,
419 2469 533 2546 partim
546 2469 772 2530 sententiarum
784 2467 949 2547 gravitate,
962 2466 1075 2545 partim
1087 2484 1213 2545 compo·

93 2555 214 2615 sitionis
231 2555 476 2634 pulchritudine,
491 2564 521 2617 ct
541 2563 607 2617 tum
629 2557 821 2636 optimarum
840 2555 997 2615 rationum
1018 2554 1210 2632 inventione,

92 2649 160 2703 tum
177 2646 301 2703 summa
320 2645 528 2721 persuadendi
547 2646 661 2706 virtute
681 2645 902 2705 haereticorum
925 2643 1048 2722 linguas
1069 2644 1158 2702 facile
1179 2643 1211 2702 in

93 2731 229 2792 cinerem
246 2733 401 2813 redigunt.
416 2734 511 2812 Cujus
530 2736 642 2807 oratio,
659 2753 730 2794 cum
749 2738 870 2792 tantam
891 2732 954 2791 vim
973 2750 1009 2791 ac
1024 2731 1209 2809 dignitatem

92 2821 262 2900 possideat,
272 2829 306 2882 ut
321 2823 448 2883 difficile
459 2824 498 2883 sit
513 2824 544 2882 in
559 2823 666 2902 lingua
680 2823 784 2900 graeca
799 2821 924 2900 gravius
940 2820 1057 2899 aliquid
1076 2825 1131 2879 aut
1147 2821 1210 2879 ele-

92 2909 217 2988 gantius
232 2911 371 2970 invenire
388 2931 443 2989 pcr
459 2912 617 2971 hominem
633 2931 695 2970 non
709 2910 803 2969 modo
817 2915 957 2988 paternae
973 2914 1004 2968 et
1020 2927 1143 2986 graecae,
1157 2907 1210 2967 sed

92 2997 187 3056 etiarn
213 2998 318 3057 latium
347 2999 462 3075 linguae
489 2999 732 3077 peritissimum,
761 2998 928 3075 Georgium
953 2996 1208 3075 Trapezuntium,

91 3085 193 3145 virum
210 3105 284 3147 sane
298 3087 587 3165 eloquentissimum
598 3107 633 3147 ac
652 3087 891 3146 disertissimum
910 3093 1034 3165 tuaeque
1049 3085 1210 3146 sanctitati

91 3174 232 3234 deditum
254 3176 312 3236 leci
332 3177 507 3236 transferri.
525 3178 599 3248 Quae
616 3195 664 3235 res
680 3181 712 3235 ut
728 3176 827 3247 fieret,
840 3175 955 3234 idcirco
976 3175 1048 3234 dedi
1065 3193 1206 3252 operam,

90 3264 177 3343 quod
196 3270 226 3323 et
245 3265 427 3325 Latinorum
452 3265 569 3345 generi,
587 3265 672 3323 omui
695 3265 848 3339 doctrina,
869 3264 954 3323 omni
976 3264 1101 3337 virtute,
1123 3264 1209 3323 omni

90 3351 245 3429 sapientia
259 3352 438 3433 ingeniique
453 3353 618 3433 splendore
630 3353 775 3431 praedito,
789 3359 865 3431 puto
881 3370 930 3412 me
947 3352 1054 3412 iecisse
1070 3351 1208 3430 gratissi-

90 3457 195 3512 mum,
208 3442 272 3519 qui,
288 3443 432 3519 quamvis
449 3443 614 3515 Hilarium,
634 3441 856 3520 Augustinum,
877 3441 1114 3520 llicronymum,
1131 3442 1207 3499 Leo·

90 3547 175 3605 ncm,
200 3531 395 3608 Gregorium,
418 3532 559 3610 aliosque
580 3532 718 3591 habeant
739 3530 936 3591 beatissimos
958 3549 1030 3589 suos
1052 3529 1205 3597 doctores,

88 3618 173 3677 viros
188 3618 242 3697 qui
255 3618 399 3678 doctrina
412 3625 442 3678 et
452 3620 617 3680 sanctitate
628 3626 692 3680 tam
705 3625 825 3679 naturae
836 3637 933 3697 quam
944 3618 1070 3696 spiritus
1081 3617 1208 3694 protun-

88 3706 204 3766 ditates
221 3707 466 3786 investigarunt;
483 3728 573 3788 quos,
590 3709 643 3787 qui
659 3709 778 3788 legunt,
795 3708 826 3766 in
842 3707 921 3766 coelo
938 3706 1015 3765 etin
1030 3705 1207 3765 cmlestibus

88 3795 268 3856 conversari
282 3801 313 3856 et
329 3797 418 3875 quasi
428 3798 483 3857 Dei
498 3798 605 3858 audire
621 3797 767 3857 videntur
780 3795 919 3867 oracula,
932 3814 994 3854 non
1011 3800 1116 3854 tamen
1132 3794 1207 3854 satis

89 3883 208 3945 hahent
223 3885 283 3945 nisi
297 3886 392 3945 etiam
407 3888 528 3964 eosqui
543 3887 657 3946 similia
669 3885 744 3962 ipsis
749 3929 821 3944 ......
836 3884 886 3942 'et
899 3882 1209 3961 eodemspiritupar-

89 3973 270 4052 ticiparunt‚
280 3973 311 4032 in
323 3993 411 4034 suam
423 3974 583 4035 traductos
595 3973 775 4053 possideant
784 3971 935 4050 linguam.
946 3971 983 4031 Et
995 3970 1053 4043 his,
1063 3971 1205 4050 inquam,

88 4061 149 4122 hoo
169 4063 314 4123 existimo
330 4069 452 4141 gratum
470 4064 548 4136 iore,
561 4068 592 4123 et
612 4068 673 4123 tuae
688 4059 878 4122 Beatitudini
895 4078 1009 4119 munus
1030 4065 1206 4138 acceptum,

121 4286 143 4333 l.
160 4284 195 4334 Le
209 4288 266 4335 mot
283 4288 323 4335 est
337 4286 421 4349 rouge
437 4285 503 4336 dnus
518 4285 542 4336 le
558 4284 714 4336 manuscrit.
733 4283 802 4333 C'est
816 4297 853 4333 un
868 4282 947 4332 verbe
963 4295 1025 4331 sans
1043 4280 1125 4331 doute
1140 4279 1208 4330 dans

87 4353 112 4405 te
127 4368 191 4406 sens
206 4355 423 4422 descripserunt.
